3030 4672
587 180 808 242 ..11-

109 372 342 457 Νικομαχείοις
355 363 603 460 Ἀριστοτέλους,
622 394 722 438 661166
741 373 911 437 nescimus
931 393 997 457 qua
1016 371 1174 436 inductus
1190 373 1284 437 testi-

109 479 226 543 monio
250 480 410 544 attulerat
438 479 700 544 Rhetoricorum
722 478 1007 544 Aristoteleorum
1038 480 1151 543 locum
1185 479 1283 544 illum
1422 553 1425 559 1

109 586 187 669 (Β2
209 584 243 671 p.
269 587 354 653 1379
378 586 400 650 b
419 589 471 665 lb)
501 579 614 673 ὥσπερ
638 576 893 675 ὁἈννιφιῦντος
916 580 1121 675 Πλήξιππος
1142 591 1189 673 τῷ
1212 594 1285 653 Ma·
1379 672 1380 676 Ἰ

109 686 230 780 λεάγρῳ
252 695 331 773 art,
356 701 556 778 arreptaque
572 693 749 758 occasione
768 692 1034 777 deprompserat,
1054 698 1284 777 quaecumque

77 825 84 830 ·
110 807 144 864 et
168 798 208 862 de
232 799 399 884 Plexippo
430 799 578 864 habebat
611 807 645 863 et
679 798 720 863 de
743 798 960 883 Antiphonte
992 798 1076 884 ipso.
1122 798 1209 864 Nam
1243 822 1284 863 ex

108 904 248 970 Adrasti
271 905 379 990 copiis
402 905 623 990 Hephaestio,
648 926 749 990 quem
773 903 1034 990 grammaticum
1067 905 1283 971 notissimum

109 1011 221 1076 dicere
254 1033 326 1075 non
359 1012 540 1095 vereberis,
576 1011 707 1097 proprii
741 1034 785 1075 ne
820 1011 964 1076 minimo
998 1010 1135 1095 quidem
1167 1011 1283 1077 addito

108 1118 233 1184 librum
249 1118 506 1202 consarcinavit,
530 1118 585 1182 oui
599 1117 702 1182 index
719 1126 789 1183 erat
804 1118 880 1205 περὶ
894 1123 952 1184 τοῦ
966 1114 1061 1205 παρὰ
1077 1122 1285 1206 Ξενοφῶντος

109 1225 142 1290 ἐν
160 1231 230 1303 τοῖς
243 1215 594 1314 Ἀπομνημονεύμασιν
609 1215 833 1311 harleianae,
849 1224 1100 1309 Athenaeique,
1119 1225 1175 1289 oui
1185 1246 1284 1309 aegre

108 1329 235 1396 furtum
263 1330 387 1396 16161111
419 1331 525 1396 totius
558 1331 607 1395 rei
640 1331 873 1416 cognitionem
907 1330 1079 1414 debemus,
1113 1332 1179 1396 alia
1211 1332 1284 1396 sine

109 1437 211 1502 dubio
240 1439 430 1522 legeremus
453 1438 566 1520 verba,
600 1439 629 1502 si
651 1437 819 1503 Adrastus
850 1437 999 1503 Socratis
1032 1438 1212 1521 aemulum,
1246 1447 1285 1503 ut

109 1544 336 1628 distingueret
368 1567 444 1609 eum
476 1567 495 1607 a
526 1545 666 1629 tragico,
700 1545 900 1625 citavisset¹)
932 1567 1042 1629 neque
1071 1566 1178 1609 unum
1204 1567 1283 1609 eun-

109 1650 254 1736 demque
278 1673 335 1716 eos
359 1659 520 1735 putasset.

196 1794 268 1857 Nec
299 1815 370 1857 non
404 1792 597 1859 Caeciliana
630 1802 719 1877 sunt,
758 1816 843 1878 quae
880 1792 1075 1878 proferebat
1112 1793 1283 1858 Diodorus
1309 1790 1457 1845 DiOd0r118·

108 1905 174 1984 (ap.
200 1900 303 1965 Clem.
326 1900 423 1964 Alex.
448 1899 571 1966 Strom.
594 1900 612 1963 Ι
637 1902 678 1966 16
701 1923 733 1985 p.
757 1902 809 1983 51,
844 1901 974 1968 14-17
1000 1901 1069 1984 St),
1102 1922 1182 1964 sane
1211 1923 1283 1966 non

109 2007 243 2071 Siculus
267 2029 380 2071 rerum
400 2007 604 2092 scriptorum
628 2006 876 2090 celeberrimus,
902 2007 962 2071 sed
975 2007 1142 2091 Valerius,
1166 2007 1282 2072 Valeri

108 2113 273 2178 Pollionis
296 2113 398 2197 filius,
423 2114 512 2197 libri,
538 2113 592 2178 6111
618 2114 867 2178 inscribebatur
890 2104 1058 2204 Ἐξήγησις
1080 2119 1146 2180 τῶν
1170 2114 1281 2204 ζητου-

107 2221 213 2304 μένων
237 2217 330 2308 πορά
353 2226 423 2299 τοῖς
442 2214 627 2310 ίρήτορσιν,
646 2229 762 2287 6116161
777 2219 828 2303 (ci.
847 2221 1184 2306 P(auly)-W(issowa)
1208 2243 1232 2285 s.
1251 2244 1282 2285 v.

108 2326 279 2391 Diodorus
303 2350 352 2391 nr.
376 2329 440 2409 46).

196 2468 321 2540 Suidae
344 2491 424 2534 1616
448 2470 611 2534 lemmata
635 2493 676 2534 ex
699 2469 865 2555 Hesychii
888 2469 1014 2534 Milesii
1041 2471 1281 2554 onomatologo
1311 2464 1422 2521 suidas·

107 2576 181 2640 61116
206 2575 308 2640 dubio
334 2577 503 2661 exscripta
535 2576 576 2641 ad
601 2577 864 2661 grammaticum
896 2576 1049 2658 redeunt,
1085 2575 1143 2659 qui
1175 2576 1283 2662 Didy-

107 2704 183 2746 mea
206 2682 406 2768 compilavit
429 2706 505 2748 cum
530 2682 740 2749 Caecilianis.
786 2683 926 2748 Etenim
943 2682 1126 2747 secundum
1146 2682 1283 2766 quidem
1387 2714 1389 2719 s

107 2792 233 2854 lemma
251 2791 300 2853 nil
318 2791 481 2874 continet,
503 2791 594 2875 quod
610 2813 681 2855 non
700 2790 873 2875 conspiret
892 2812 968 2854 oum
984 2789 1057 2853 1116
1075 2790 1283 2855 Plutarchea.

107 2898 291 2982 Discrepat
305 2904 449 2980 tantum,
470 2898 560 2982 quod
573 2898 615 2962 de
631 2896 779 2962 Socratis
791 2898 924 2961 aemulo
940 2896 1139 2960 memoriam
1155 2896 1284 2963 omittit

106 3002 232 3088 aliique
255 3003 329 3069 1116
354 3004 520 3089 singulari
544 3004 709 3087 attribuit,
735 3003 777 3068 de
805 3025 871 3088 quo
891 3003 964 3087 agit
981 3005 1107 3066 lemma
1126 3003 1283 3087 primum.

107 3109 220 3175 Tertio
244 3119 358 3174 autem
382 3133 452 3175 non
475 3112 640 3197 probatur
661 3110 730 3175 nisi
753 3109 1018 3195 grammaticum
1041 3109 1140 3174 illum
1158 3132 1216 3174 suo
1234 3133 1284 3175 ar-

106 3216 207 3283 bitrio
227 3217 316 3301 libri,
343 3218 401 3302 qui
419 3218 501 3303 aliis
515 3218 659 3283 testibus
676 3217 955 3283 confirmantibus
975 3215 1281 3300 circumferebatur,

105 3324 373 3408 interpretatorii
405 3333 577 3389 auctorem
602 3323 790 3388 seiunxisse
814 3345 834 3386 a
857 3323 1057 3404 coniectore,
1090 3322 1177 3386 siout
1205 3345 1284 3388 con-

106 3430 262 3495 iunxerat
279 3453 336 3496 eos
353 3429 412 3496 suo
429 3431 568 3496 arbitrio
584 3429 763 3515 Didymus.
788 3429 943 3495 Secundo
964 3429 1110 3513 denique
1130 3429 1282 3493 lemmati

106 3559 191 3621 quae
215 3537 343 3622 insunt,
366 3538 527 3603 universa
550 3546 608 3602 aut
632 3537 675 3600 ad
696 3537 885 3622 Didymum
909 3543 967 3600 aut
991 3534 1032 3598 ad
1062 3535 1281 3600 Plutarchum

105 3650 323 3727 personatum
333 3643 451 3708 referri
463 3652 607 3729 possunt
618 3651 751 3728 praeter
764 3642 970 3727 cognomina
981 3641 1041 3704 illa
1052 3636 1282 3729 λογομάγειρος

105 3760 141 3815 61
156 3745 332 3832 ἐποποιός,
358 3773 443 3835 quae
462 3749 553 3814 unde
572 3749 803 3834 provenerint,
825 3757 915 3814 certo
936 3756 1083 3813 statuere
1103 3749 1280 3814 nonlicet.

194 3892 440 3957 Constantinus
456 3899 629 3977 postremo
642 3891 873 3975 Palaeocappa
888 3890 1031 3975 violarii,
1047 3891 1136 3977 quod
1147 3891 1281 3956 dicebat
1307 3904 1445 3960 Eudocia.

104 3998 276 4063 Eudooiae
310 3997 361 4082 (cf.
388 3998 569 4063 Westerm.
602 3997 718 4082 Biogr.
754 3997 810 4062 Gr.
845 4020 876 4081 p.
905 3997 991 4080 236),
1028 4019 1128 4062 verus
1152 4006 1277 4080 auctor,

196 4161 214 4226 1)
233 4159 350 4228 Sauppe
368 4175 394 4228 p.
414 4159 441 4212 4.
