3030 4672
44 2126 210 2192 ;.55=110.

253 400 434 465 minarent.
472 399 547 464 Non
565 401 812 483 consolabatur,
837 401 942 465 immo
962 401 1035 485 ipse
1051 400 1284 466 consolatione
1299 400 1415 486 egebat

253 506 363 589 Eheu,
388 507 512 570 mirum
538 507 574 570 in
597 507 738 572 modum
762 509 959 572 consolatus
983 518 1072 573 esset
1094 507 1261 590 homines,
1293 507 1325 571 si
1352 528 1421 571 con.

253 614 434 693 solabatur,
468 626 507 678 ut
530 615 640 680 voluit
663 614 880 697 Bureschius,
913 613 1036 679 fabella
1066 614 1126 678 illa
1157 615 1301 680 stultum
1324 613 1420 698 possi·

254 721 393 785 dentem
418 722 619 806 castigante.
666 721 812 807 Scripsit
837 744 917 786 sane
941 721 1120 806 Antiphon
1152 730 1259 787 artem
1289 719 1423 806 parandi

254 827 407 892 animum
424 827 465 892 ab
480 829 576 891 omni
592 829 807 912 aegritudine
821 828 966 893 liberum
983 828 1042 892 sed
1057 850 1127 893 non
1142 827 1424 893 consolationibus

254 943 332 1018 post
355 956 554 998 aerumnosa
579 945 719 1019 accepta
741 935 915 1018 adhibitis,
948 935 1053 999 immo
1077 935 1148 999 vita
1175 934 1349 1020 sapienter
1380 934 1425 997 in·

255 1041 382 1105 stituta.
428 1042 495 1106 Hic
512 1042 604 1106 enim
621 1043 705 1126 ipse,
723 1043 782 1128 qui
806 1042 931 1106 dicitur
953 1045 1022 1124 περὶ
1046 1045 1196 1125 ὁμονοίας
1219 1041 1315 1124 liber,
1340 1045 1425 1124 τέχνη

255 1156 307 1212 est
329 1151 474 1231 ἀλυπίας
498 1149 595 1213 cuius
619 1158 652 1213 et
676 1172 718 1212 ex
737 1149 948 1233 argumentis
963 1157 1031 1214 ete
1048 1148 1148 1213 titulo
1164 1155 1285 1232 postea
1300 1147 1428 1211 scilicet

254 1255 370 1320 addito
395 1255 520 1319 deinde
545 1278 721 1340 perperam
746 1257 921 1320 intellecto
953 1259 1019 1337 (ars
1053 1254 1259 1336 consolandi,
1296 1254 1428 1339 ,Kunst

255 1361 315 1426 der
349 1362 585 1446 Trdstungen“
612 1363 824 1448 (Gomperzl)
856 1384 927 1426 non
961 1363 1034 1426 sine
1058 1362 1313 1439 malevolorum,
1339 1368 1428 1445 puto,

255 1491 357 1553 opera
381 1469 591 1533 narrationes
616 1469 694 1533 illae
710 1470 928 1554 fingebantur
952 1469 1098 1553 ineptae,
1123 1467 1246 1553 quibus
1262 1466 1430 1531 haesimus

255 1576 292 1638 in
315 1574 392 1639 falsi
414 1576 589 1640 Plutarchi
612 1577 684 1641 vita
707 1576 952 1661 Antiphontea.
1008 1574 1108 1639 Cadit
1139 1595 1219 1659 ergo
1252 1572 1431 1658 peculiaris

255 1682 314 1745 ille
334 1683 604 1746 consolationum
622 1683 709 1746 liber
724 1691 758 1747 et
774 1683 909 1762 cadunt,
927 1705 1011 1767 quae
1028 1680 1212 1746 effecerunt
1227 1679 1431 1744 Bureschius

255 1790 287 1870 (l.
319 1791 338 1852 l.
369 1812 426 1873 pp.
453 1791 496 1856 76
529 1812 622 1874 sqq),
655 1790 789 1854 Jo'elius
822 1790 853 1871 (l.
878 1790 898 1852 l.
921 1789 957 1852 Il
980 1789 1066 1870 649),
1104 1786 1330 1872 Gomperzius
1365 1786 1431 1868 (Gr.

256 1896 397 1959 Denlzer
415 1897 432 1958 Ι
451 1896 516 1961 349
540 1901 609 1980 sqa.
629 1937 671 1942 *
692 1897 824 1974 Quibus
848 1896 970 1980 positis
994 1917 1135 1958 examen
1159 1893 1244 1957 illud
1264 1893 1431 1957 adeamus.

346 2127 459 2210 Atque
485 2151 550 2211 quo
575 2128 763 2212 particulae
779 2132 828 2191 ἵνα
844 2127 938 2190 notio
958 2126 1075 2190 localis
1091 2131 1147 2207 (=
1162 2127 1256 2205 ὅπου)
1274 2125 1430 2208 exemplo

257 2234 427 2317 probetur.
453 2245 488 2298 et
510 2235 655 2299 Photius
675 2246 709 2297 et
729 2234 850 2298 Suidas
871 2242 1066 2317 excerptum
1086 2232 1226 2296 habent:
1250 2235 1312 2295 ἵνα·
1339 2233 1431 2294 ὅπου·

253 2344 295 2404 Ἃ.
335 2345 367 2404 ἒν
403 2350 448 2423 τῷ
482 2344 552 2422 περὶ
584 2351 638 2424 τῆς
671 2345 832 2423 ὁμονοίας·
864 2343 1002 2416 (davala)
1033 2343 1082 2402 ἵνα
1114 2342 1174 2402 οὐκ
1206 2341 1301 2420 ἔργον
1334 2340 1433 2401 ὀκνεῖν

257 2449 414 2532 (bbflllh.
448 2447 716 2531 Vituperabatur
737 2447 853 2530 igitur.
880 2446 946 2530 qui.
973 2467 1049 2510 cum
1073 2467 1158 2529 opus
1181 2466 1252 2508 non
1277 2452 1375 2525 esset,
1400 2442 1432 2506 id

257 2552 391 2634 faceret,
425 2554 516 2637 quod
550 2553 674 2617 dicitur
706 2557 816 2617 ὀκνεῖν.
865 2553 956 2630 Quae
979 2575 1047 2616 vox
1071 2574 1112 2615 ex
1134 2549 1337 2634 fragmentis
1365 2571 1434 2614 non

257 2660 435 2745 insignitis
467 2659 664 2724 advocanda
696 2660 824 2743 aliquot
856 2659 1010 2742 libroque
1042 2661 1112 2740 περὶ
1144 2660 1295 2740 ὁμονοίας
1328 2656 1434 2740 assig-

257 2768 370 2831 nanda
395 2789 466 2831 esse
491 2767 597 2831 docet.

347 2892 398 2956 Ac
422 2892 570 2976 primum
596 2891 733 2974 quidem
758 2891 955 2954 accedamus
979 2889 1024 2974 fg.
1048 2889 1182 2975 56s139.
1233 2887 1331 2965 Quod
1356 2908 1435 2972 quo-

257 3000 350 3063 niam
375 3002 477 3063 κακόν
501 2999 660 3082 appellat,
687 2998 715 3061 si
740 2998 815 3081 quis
840 2997 1037 3061 absentibus
1060 2995 1250 3080 futurisque
1275 2994 1435 3079 periculis

258 3108 377 3191 lingua
396 3128 431 3169 se
455 3104 578 3169 fortem
598 3116 699 3188 atque
716 3104 876 3168 audacem
892 3110 1047 3187 praestat
1062 3103 1306 3186 voluntateque
1322 3109 1432 3185 urget,

258 3236 343 3298 opus
367 3235 448 3277 vero
473 3234 549 3275 curn
575 3211 678 3293 adest,
705 3220 778 3275 tum
801 3214 894 3292 ὀκνεῖ,
927 3232 1003 3274 cum
1028 3212 1071 3275 55
1095 3209 1196 3274 modo
1228 3209 1333 3272 allato
1358 3230 1436 3272 con-

351 3393 367 3454 1)
387 3393 425 3456 εἴη
454 3391 580 3452 verbnm,
610 3390 684 3458 quod
712 3389 913 3453 desideramus
941 3407 1004 3442 cum
1029 3404 1086 3441 non
1112 3386 1257 3455 florilegio
1284 3387 1436 3440 debeamus

258 3480 449 3549 fragmentum
478 3478 531 3532 sed
558 3479 659 3544 lexico,
689 3479 784 3546 potius
812 3497 826 3531 c
851 3478 1053 3547 disputatione,
1078 3491 1152 3546 quae
1174 3475 1241 3530 olim
1269 3474 1436 3541 antecessit,

258 3574 355 3622 mente
369 3568 557 3637 supplendum
572 3584 634 3620 esse
650 3567 752 3629 dicam,
768 3584 852 3638 quam
868 3583 931 3620 oum
946 3565 1071 3635 Sauppic
1085 3564 1270 3634 Dialesioque
1285 3561 1436 3618 verborum

259 3659 387 3727 ipsorum
404 3658 528 3709 inseram
543 3656 716 3725 compagini;
735 3657 902 3725 praesertim
916 3655 992 3724 quod
1004 3656 1121 3723 insuper
1133 3652 1347 3723 postulaturum
1360 3656 1437 3706 esset

259 3766 296 3803 τις
316 3760 470 3815 pronomen
491 3744 644 3798 adiectum.
681 3743 872 3798 Scribendum
891 3747 986 3796 autom
1007 3759 1071 3796 esse
1090 3746 1173 3812 puto:
1210 3741 1294 3799 κακὸς
1318 3740 1391 3804 δ’ἅν,
1415 3741 1438 3792 εί

259 3833 297 3885 ἐπ’
337 3834 431 3885 ἀποῦσι
452 3874 456 3884 .
474 3874 500 3884 ..
522 3834 675 3900 θρασύνεται
697 3833 857 3900 ...ἐπείγει
879 3833 1026 3883 ...ὀκνεῖ
1070 3829 1215 3884 Facillime
1243 3829 1328 3894 enim,
1355 3845 1437 3900 prae-

260 3923 356 3976 sertim
385 3928 450 3990 post
471 3922 562 3983 θέλειν,
592 3920 723 3974 librarius
747 3921 822 3975 false
850 3922 945 3990 posuit
964 3921 1073 3987 ἐπείγειν
1092 3929 1121 3972 et
1139 3919 1235 3986 ὀκνεῖν,
1265 3933 1339 3990 quae
1370 3921 1437 3972 sunt

260 4012 288 4064 in
309 4011 389 4064 codd.
411 4010 472 4064 Nou
494 4014 538 4064 est
557 4011 650 4079 igitur,
671 4028 719 4064 cur
738 4011 873 4078 refellam,
894 4028 965 4080 quae
985 4009 1086 4074 Gaisi,
1108 4009 1144 4072 S.¹
1163 4008 1216 4072 Bl,
1236 4008 1329 4062 Herm.
1349 4013 1437 4077 temp·

260 4104 403 4154 taverunt.
440 4099 537 4168 Neque
563 4099 608 4150 καὶ
627 4099 798 4168 particulam
817 4106 885 4152 ante
903 4098 995 4164 ἐπείγει
1022 4096 1265 4166 transponendam
1285 4111 1350 4150 esse
1368 4102 1437 4166 puto

262 4205 326 4241 curn
345 4188 515 4241 Hermanno.
