3030 4672
635 261 852 325 ,89-

158 453 265 538 luerit,
286 454 429 518 dubium
448 455 670 538 relinquetur,
688 477 879 518 sermonem
896 454 925 518 si
942 454 1130 519 accuratius
1147 455 1332 538 inspexeri-

157 583 237 626 mus.
272 561 512 644 Antiphontis
537 561 628 624 enim
652 561 869 645 enuntiatum
902 560 989 624 mira
1022 570 1073 624 est
1102 561 1331 625 concinnitate

156 668 318 752 gravique
341 667 525 750 brevitate,
551 676 780 751 comparatam
805 689 877 731 rem
910 667 944 730 in
979 689 1047 731 una
1079 666 1220 751 periodo
1254 689 1332 731 con-

155 776 305 840 strictam
329 774 433 839 habet
457 797 534 838 cum
560 773 802 858 comparanda;
827 796 897 838 nou
920 774 1086 858 gloriatur
1108 774 1259 858 imagine
1283 776 1332 838 lu-

155 882 289 945 culenta
312 880 487 964 proferens
515 881 610 944 illam
634 891 668 945 et
701 902 868 945 exornans
892 881 988 943 velut
1019 880 1103 944 novi
1135 881 1266 965 aliquid
1298 889 1332 945 et

152 988 357 1071 admirandi,
372 988 441 1071 sed,
453 1010 538 1072 quae
551 988 669 1052 doceat
681 988 803 1071 image,
818 988 1066 1050 demonstrasse
1082 1009 1154 1051 sese
1167 987 1331 1058 continet3
1351 1025 1353 1029 Α

154 1095 194 1177 ei,
224 1095 285 1179 qui
316 1095 410 1179 legit,
436 1095 655 1178 excogitandi
682 1094 878 1160 facultatem
902 1093 1077 1179 relinquit;
1113 1116 1182 1158 non
1207 1095 1331 1179 omnia,
1413 1168 1416 1172 ¹

153 1224 238 1285 quae
263 1209 386 1285 potest,
412 1201 622 1286 pronuntiat.
669 1200 806 1265 Clarum
829 1208 940 1265 totum
964 1210 1065 1286 atque
1090 1209 1238 1281 acutum,
1268 1224 1332 1267 nec

151 1330 220 1372 non
232 1330 345 1393 grave.
362 1308 608 1392 Quodcumque
616 1308 876 1392 cogitatmente,
886 1307 999 1371 verbis
1008 1307 1221 1391 exprimendi
1228 1309 1332 1374 habet

152 1425 270 1480 auctor
287 1422 499 1499 potestatem.
525 1415 572 1479 Et
587 1415 720 1498 mirum,
737 1415 805 1500 quo
826 1414 927 1478 modo
946 1414 1050 1478 verba
1068 1427 1185 1499 ponat:
1210 1395 1330 1499 ¹Imago

153 1523 246 1585 enim
263 1522 301 1585 in
317 1522 417 1586 initio
435 1529 510 1603 stat,
535 1544 588 1585 res
611 1521 683 1605 illa,
709 1521 750 1585 de
767 1544 835 1608 qua
851 1521 973 1605 agit-ur,
998 1521 1160 1586 acerrime
1176 1523 1332 1606 opposita

153 1628 304 1692 medium
329 1637 434 1711 tenet,
460 1628 674 1692 enuntiatum
700 1628 869 1692 clauditur
891 1628 1076 1712 negatione
1101 1650 1229 1692 severa:
1257 1629 1332 1693 fieri

153 1758 221 1800 non
245 1736 373 1820 potest!
397 1734 567 1820 Equidem
590 1735 717 1817 nescio,
739 1757 803 1818 quo
824 1743 923 1818 pacto
936 1734 1063 1799 melius
1087 1735 1242 1819 aptiusve
1258 1757 1332 1798 sen-

153 1843 261 1908 tentia
285 1841 500 1926 pronuntiari
529 1842 647 1925 possit.
695 1842 820 1906 Contra
844 1841 1007 1922 Socrates
1042 1841 1101 1925 qui
1124 1842 1330 1927 nominatur,

154 1949 311 2034 plurimis
334 1949 448 2013 verbis
474 1948 592 2030 utitur,
626 1948 778 2012 membra
811 1956 904 2012 amat
935 1948 1187 2032 respondentia,
1220 1971 1330 2032 neque

154 2065 305 2140 repetere
336 2055 451 2119 eadem
476 2055 580 2119 verba
613 2055 725 2136 timet-;
758 2076 828 2118 non
861 2062 922 2134 est,
957 2055 1044 2138 quod
1070 2055 1218 2138 legentis
1248 2055 1330 2121 iuris

154 2161 265 2244 faciat,
291 2162 491 2245 pulticulam
517 2162 613 2244 quasi
637 2161 803 2247 liquidem
820 2183 996 2245 apponens
1013 2162 1198 2245 imaginem
1219 2162 1329 2246 primo

155 2270 259 2333 solam
290 2266 408 2350 adfert,
444 2268 576 2351 deinde,
603 2290 687 2354 quae
712 2268 932 2350 demonstret,
964 2267 1127 2352 explicat;
1160 2291 1230 2332 non
1255 2269 1332 2333 sub·

154 2376 287 2440 ordinat
312 2376 511 2457 sententias,
538 2375 597 2439 sed
621 2375 798 2440 coordinat
829 2379 941 2457 (ἔοικεν
964 2378 1017 2439 καὶ
1042 2378 1111 2457 δεῖ),
1142 2378 1202 2458 γὰρ
1225 2375 1331 2458 parti-

155 2484 262 2546 culam
284 2482 437 2564 adhibet3
458 2505 526 2546 non
545 2482 648 2546 audet
663 2482 776 2545 dicere
791 2485 860 2564 βίος
877 2485 995 2546 πεττεία
1015 2484 1031 2546 ε’
1037 2485 1128 2562 στίν,
1147 2481 1206 2545 sed
1221 2483 1329 2546 solum
1388 2470 1391 2477 ¹

155 2593 290 2654 ἔοικεν
314 2592 332 2653 ὁ
355 2593 424 2672 βίος
439 2592 558 2671 πεττείᾳ
581 2592 659 2652 τινί
665 2612 671 2670 3
696 2587 822 2672 gaudet
838 2589 1041 2671 pronomine
1057 2588 1246 2669 indefinitO,
1265 2610 1330 2674 quo

153 2697 200 2760 rei
224 2696 293 2780 ipsi
313 2695 365 2759 vis
390 2696 550 2777 demitur;
574 2718 644 2759 non
660 2717 744 2759 voce
769 2704 926 2759 concreta
948 2697 1064 2774 πεττός,
1090 2695 1149 2759 sed
1165 2696 1332 2760 abstracta

153 2807 270 2867 πεττεία
302 2803 424 2884 utitur,
458 2812 569 2886 ψῆφος
592 2803 795 2866 vocabulum
828 2810 969 2886 usurpat
1002 2802 1152 2886 pedestri
1185 2803 1332 2867 orationi

154 2910 264 2995 aptius
289 2931 389 2992 quam
413 2912 521 2980 unior
545 2908 595 2992 (cl.
619 2909 703 2973 Poll.
728 2911 814 2989 9,97‚
841 2907 943 2993 Soph.
967 2908 1013 2992 fg.
1037 2910 1102 2974 396
1121 2908 1205 2991 Ne),
1230 2909 1332 2974 habet

155 3021 202 3080 δεῖ
222 3024 257 3080 et
280 3020 359 3080 ἔστιν
383 3039 459 3080 cum
484 3015 668 3098 infinitivo,
693 3024 852 3079 neutrum
872 3015 1044 3098 singulare
1063 3016 1236 3100 participii
1255 3017 1332 3080 sub-

154 3123 295 3187 stantivi
323 3122 358 3184 in
394 3123 532 3186 modum
559 3122 752 3186 adhibitum
786 3124 831 3202 (τό
855 3125 1049 3204 συμβαῖνον).
1097 3122 1226 3187 Maiora
1256 3125 1332 3188 vult

154 3250 252 3312 quam
270 3236 395 3313 potest,
421 3229 585 3294 molestus
609 3228 720 3294 estin
744 3228 858 3292 verbis
876 3228 1054 3312 ponendis.
1089 3228 1332 3294 Antisthenica

153 3357 214 3399 nos
245 3336 359 3419 legere
392 3335 660 3420 unumquodque
690 3336 893 3400 vocabulum
918 3335 1150 3400 demonstrare
1174 3338 1330 3417 censeo1)

153 3441 378 3506 Antisthenes
397 3443 504 3526 igitur
523 3442 649 3506 similia
668 3451 768 3527 atque
784 3442 966 3526 Antiphon
984 3465 1048 3506 nec
1067 3465 1135 3506 non
1155 3453 1237 3508 noto
1258 3443 1330 3508 eius

153 3549 329 3612 enuntiato
355 3548 537 3632 protulisse
561 3548 706 3613 videtur.

241 3654 384 3719 Accedit
407 3654 494 3719 forte
512 3655 656 3719 rationis
680 3655 781 3719 huius
800 3652 1035 3720 testimonium
1055 3658 1207 3720 alterum.
1242 3657 1329 3721 Nam

153 3761 235 3826 alias
260 3783 393 3847 quoque
418 3762 632 3846 antiquitatis
655 3763 818 3826 habemus
842 3761 1002 3846 reliquias
1026 3785 1102 3827 cum
1127 3763 1242 3827 libello
1259 3763 1330 3827 An-

245 3909 260 3966 ι)
280 3903 484 3968 Duemnilerus
513 3905 559 3975 qui
589 3905 644 3967 (Kl.
666 3904 743 3959 Schr.
763 3904 778 3956 Ι
797 3903 856 3968 175,
877 3905 901 3968 1)
929 3903 1024 3958 locum
1053 3904 1158 3968 attulit,
1188 3905 1215 3957 in
1245 3903 1330 3958 dubio

153 3992 273 4063 reliquit,
302 3997 397 4046 utrum
426 3992 594 4047 confusione
624 3995 774 4060 dumtaxat
802 3994 966 4046 lemmatum
995 4010 1031 4045 an
1051 4010 1068 4046 a
1088 3992 1195 4062 Cynico
1214 3995 1331 4048 verbum

152 4081 264 4135 Socrati
284 4083 381 4135 datum
401 4085 485 4135 esset.
523 4082 564 4135 Dc
581 4082 841 4152 comparationibus
857 4082 968 4150 Cynicis
984 4082 1020 4136 cf.
1030 4085 1180 4151 praeterea
1190 4083 1220 4139 n.
1230 4084 1332 4137 Weber

151 4171 192 4224 Dc
202 4170 293 4224 Dione
304 4171 507 4240 Chrysostomo
523 4171 690 4240 Cynicorum
705 4175 851 4225 sectatore
866 4171 970 4241 (Leipz.
986 4171 1066 4226 Stnd.
1082 4171 1119 4236 X)
1135 4189 1179 4242 pp.
1197 4173 1248 4226 173
1262 4190 1330 4243 sqq,

152 4259 311 4313 Duemmler
329 4260 381 4313 Ali.
401 4261 443 4314 88.
