3030 4672
667 246 886 312 ..69-

120 466 123 473 ·
204 440 316 505 valor
325 463 412 526 sqq:
449 437 560 507 πολλὰ
583 435 727 507 διδάσκει
752 446 786 525 μ’
811 433 828 507 ὁ
851 438 957 521 πολιῖς
978 441 1099 526 βίοτος.

447 552 523 636 χρῆν
547 544 606 635 γὰρ
629 546 762 634 μετρίας
784 545 831 627 εὶς
854 539 1012 636 ἀλλήλους

447 652 560 740 φιλίας
583 650 723 743 θνητοὺς
746 645 986 740 ἇνακίρνοσδοιι

447 760 502 826 καί
526 757 571 850 μὴ
596 757 681 846 πρὸς
704 751 802 848 ίίκρον
823 758 939 845 μυελὸν
965 767 1079 852 ψυχῆς,

448 856 563 933 είλετο
587 869 614 933 δ’
638 862 719 933 εἶναι
744 868 928 958 στέργηθρα
951 874 1074 955 φρενῶν

448 964 521 1041 ciat
544 977 571 1038 τ’
596 963 752 1040 (incultui
776 974 833 1040 καὶ
857 977 1022 1054 ξιντείνοι.

447 1076 485 1146 τὸ
508 1083 536 1146 δ”
555 1073 641 1166 ὑπὲρ
664 1084 785 1147 δισσῶν
807 1080 887 1165 μίαν
911 1072 1036 1148 ιδδίνειν

449 1183 555 1277 ψυχὴν
573 1184 719 1271 χαλεπὸν
741 1183 850 1274 βάρος,
877 1180 922 1267 ὦς
944 1180 1035 1274 κιίγιδ

447 1296 539 1383 τῆσδ’
561 1285 746 1382 ὑπεραλγῶ.

446 1394 559 1484 βιότου
582 1403 609 1466 δ’
634 1393 776 1486 α’τρεκεῖς
799 1396 1024 1491 ίπιτηδείσεις

446 1508 529 1594 φασὶ
553 1504 706 1595 σφάλλειν
729 1510 832 1575 πλέον
855 1503 876 1597 ἢ
899 1507 1031 1595 τέρπειν

445 1619 484 1704 τῇ
508 1618 535 1678 τ’
558 1605 670 1703 είσοίρ
692 1617 816 1699 μᾶλλον
839 1617 1005 1699 πολεμεῖν.

447 1713 531 1788 ulca
555 1717 593 1786 τὸ
616 1720 689 1787 λίαν
712 1710 813 1811 ἧσσον
836 1723 965 1788 ἐπαινῶ

446 1833 503 1895 τοῦ
526 1829 629 1917 μηδὲν
652 1818 748 1915 ἶν’γαν·

447 1933 502 2000 καί
528 1930 731 2025 σιμφήσοισι
756 1935 854 2024 σοφοί
874 1962 941 2020 μοι.

160 2053 326 2131 Etenim
353 2089 421 2131 non
447 2069 556 2132 solum
579 2070 614 2133 τὸ
639 2071 666 2132 δ’
694 2070 773 2151 ὑπὲρ
799 2071 915 2133 δισσῶν
937 2073 1013 2152 μίαν
1037 2073 1159 2134 ὠδίνειν
1181 2071 1289 2151 ψυχήν
1313 2089 1362 2132 re-

157 2180 323 2256 petunt,
350 2196 434 2258 quae
458 2183 492 2239 et
515 2175 552 2238 in
566 2174 740 2239 Alcestide
756 2181 798 2258 (v.
814 2177 892 2258 880)
912 2185 947 2240 et
969 2177 1006 2239 in
1029 2175 1074 2261 lg.
1098 2197 1178 2240 mox
1200 2175 1301 2239 allato
1322 2198 1363 2239 ex

151 2273 406 2366 Antiphonte
439 2279 496 2366 (fg.
526 2283 580 2363 49)
612 2282 750 2346 fluxisse
788 2283 1021 2367 cognovimns,
1060 2282 1119 2346 sed
1156 2282 1258 2346 etiam
1291 2289 1363 2347 tota

153 2387 360 2452 Sententia
396 2387 432 2451 in
468 2388 665 2473 philosophi
701 2389 878 2473 ingenium
920 2389 1070 2474 quadrat,
1109 2391 1291 2472 μετριότητα
1330 2397 1365 2452 et

150 2498 402 2579 σωφροσύνην
417 2494 675 2580 tranquillitatis
689 2496 822 2560 animae
837 2496 1101 2561 conservatrices
1120 2517 1254 2581 semper
1268 2517 1363 2579 spec-

152 2597 1363 2688 tantisrepudiantisquevoluptates‚quibussubsequerenturdolores.

155 2703 281 2787 Quin
299 2708 391 2792 talia,
405 2709 517 2794 qualia
528 2710 676 2794 legimus
691 2713 798 2794 litoreo
814 2714 885 2792 nrt,
903 2709 992 2794 apud
1009 2708 1259 2793 Antiphontem
1280 2708 1362 2772 olim

154 2815 323 2880 Stetisse
340 2815 617 2899 existimaverim,
636 2838 737 2901 quam
751 2816 1018 2900 disputationem
1034 2837 1106 2879 sese
1118 2814 1254 2879 laudare
1265 2814 1364 2878 Euri-

156 2923 286 3002 pides
301 2922 406 2987 verbo
422 2926 518 3006 φασίν
541 2928 588 3005 (et
606 2926 659 2987 καὶ
674 2927 876 3007 σομφήσσοσι
892 2926 988 3006 σοφοί
1000 2928 1066 3005 μοι)
1083 2921 1362 3006 significaverit¹l

157 3017 238 3094 Ile
275 3029 431 3093 versibus
466 3037 577 3094 autem
617 3030 703 3095 1104
737 3051 808 3112 sqq.
843 3037 961 3114 (praes.
987 3031 1071 3092 1111
1100 3042 1159 3113 sq.)
1194 3029 1278 3094 certi
1312 3028 1362 3091 nil

159 3135 295 3200 audeo
328 3143 485 3218 statuere,
520 3135 675 3220 quamvis
708 3136 833 3199 similia
864 3136 933 3200 nisi
966 3136 1081 3200 eadem
1110 3134 1362 3218 Antiphontem

160 3261 332 3328 quoque,
357 3241 387 3306 si
410 3241 547 3327 quidem
571 3242 672 3306 deum
696 3242 818 3326 oravit,
842 3251 1017 3328 precatum
1041 3242 1108 3307 sibi
1130 3264 1203 3306 esse
1226 3264 1362 3306 necesse

162 3351 238 3416 Sit.
297 3349 483 3435 Hippolyti
516 3371 596 3413 vero
631 3349 813 3413 mulierum
847 3350 1053 3434 vituperatio
1088 3353 1156 3432 (vv.
1186 3350 1251 3415 616
1280 3354 1362 3433 sqq.)

166 3457 347 3522 abhorret
369 3477 506 3539 prorsus
530 3456 571 3520 ab
594 3456 835 3542 Antiphontis;
865 3458 970 3521 verba
993 3465 1106 3521 autem
1132 3457 1195 3521 189
1218 3477 1265 3539 sq.
1289 3457 1363 3520 vul-

171 3562 321 3648 gariora
343 3569 432 3644 sunt,
458 3584 558 3645 quam
581 3571 620 3627 ut
643 3562 897 3627 conclusionem
920 3561 1031 3627 lacere
1056 3562 1179 3629 sinant.

277 3695 448 3779 Hecubae,
473 3718 574 3779 quam
596 3695 745 3761 fabulam
766 3718 842 3760 cum
861 3696 1025 3781 magistro
1044 3718 1119 3760 meo
1136 3696 1264 3761 Jacobo
1284 3696 1363 3761 Oeri

177 3802 323 3884 (Philol.
349 3803 443 3884 1907,
469 3802 533 3870 287
551 3807 633 3888 sqq.)
657 3803 884 3869 libentissime
908 3803 944 3866 in
967 3825 1095 3868 annum
1110 3804 1176 3868 426
1192 3804 1363 3888 relegave·
1419 3832 1422 3837 ·

179 3909 262 3991 rim,
286 3908 428 3973 verbum

280 4145 296 4206 ¹)
315 4139 554 4194 Wilamowitzius
573 4141 619 4203 (ad
638 4140 664 4203 l.)
692 4141 726 4194 de
752 4139 901 4210 proverbio
921 4142 1046 4211 quodam
1066 4141 1221 4212 cogitabat.
1240 4174 1273 4181 —
1293 4141 1362 4196 Cum

184 4227 310 4294 σφάλλειν
328 4226 482 4298 Euripidae
501 4227 634 4283 conferas
653 4229 780 4299 glossam
798 4229 1023 4299 Antiphonteam
1041 4230 1189 4297 φηλώματα
1213 4231 1362 4294 (71:119).
