3030 4672
354 833 397 899 iie
420 833 565 899 veterum
590 830 782 898 testimoniis
806 830 979 898 exordium.

170 1007 383 1086 Quaestionis
411 1019 524 1072 autem
556 1007 695 1071 initium
728 1006 931 1091 capiendum
965 1014 1016 1072 est
1049 1029 1068 1070 a
1099 1015 1253 1072 veterum

78 1114 294 1178 testimoniis.
319 1106 448 1192 Quibus
459 1115 554 1177 nisus
565 1112 739 1199 Sauppius
749 1113 942 1197 sophistam
953 1122 987 1176 et
997 1113 1038 1177 ab
1050 1122 1180 1178 oratore
1192 1121 1254 1178 eta

79 1221 211 1304 tragico
245 1220 480 1305 distinguebat
512 1220 553 1284 da
587 1242 693 1305 eoque
725 1220 808 1283 haec
845 1219 1019 1284 statuebat
1053 1219 1254 1302 (Comment.

80 1351 112 1411 p.
150 1331 202 1410 7):
262 1327 496 1412 „Quamquam
534 1327 641 1412 igitur
677 1325 842 1391 memoria
879 1326 951 1390 eius
981 1326 1163 1390 admodum
1197 1327 1254 1391 ob-

80 1456 176 1498 scura
209 1442 270 1518 est,
313 1442 403 1499 certo
438 1443 552 1498 tamen
584 1441 720 1499 constat
753 1455 830 1496 eum
859 1432 1108 1497 Atheniensem
1139 1431 1253 1516 luisse,

81 1540 212 1605 invidia
247 1540 391 1624 quadarn
425 1540 564 1606 ductum
596 1539 786 1604 identidem
819 1539 973 1604 altercari
1005 1561 1082 1603 cum
1118 1538 1255 1605 Socrate

80 1647 243 1733 coepisse,
286 1647 345 1711 sed
386 1655 425 1711 ut
458 1647 665 1711 confidentia
707 1646 779 1711 eius
820 1643 918 1710 facile
965 1646 1254 1732 comprimeretur,

83 1776 159 1817 eum
193 1753 343 1818 scholam
374 1755 545 1838 aperuisse
575 1749 756 1844 (διατριβὴν
779 1753 973 1842 συνέστησε),
1009 1752 1167 1818 Corinthi
1196 1754 1256 1817 ali-

81 1861 215 1944 quando
241 1883 276 1925 se
301 1862 420 1926 solatia
443 1863 553 1925 luctus
577 1860 739 1944 cuiusque
768 1868 802 1925 et
831 1859 957 1925 doloris
985 1868 1105 1944 parata
1132 1859 1256 1924 habere

81 1966 270 2051 professum
287 1990 370 2051 esse,
388 1968 614 2032 coniectorem
630 1965 733 2031 luisse
749 1974 783 2030 et
798 1966 1007 2030 somniorum
1023 1965 1254 2050 interpretem,

82 2074 219 2138 dicendi
247 2096 371 2158 genere
399 2096 498 2138 usum
531 2096 604 2138 asse
636 2073 768 2158 grandi,
802 2072 916 2157 specie
949 2073 1058 2158 magis
1088 2095 1188 2158 quam
1221 2096 1256 2137 ra

82 2181 189 2264 gravi,
214 2202 343 2264 aspero,
367 2188 406 2244 ut
429 2180 580 2245 breviter
602 2180 717 2265 potius
742 2179 856 2243 omnia
880 2187 1050 2263 assereret,
1081 2202 1183 2265 quam
1207 2179 1257 2243 di-

83 2288 231 2371 ligenter
254 2287 510 2370 demonstraret,
540 2286 717 2371 scripsisse
744 2285 849 2351 libros
878 2288 1078 2371 complures,
1108 2287 1256 2371 primum

83 2394 138 2456 cui
172 2393 358 2477 inscriptus
393 2400 484 2457 esset
512 2384 683 2483 Ἀλήθεια,
720 2393 843 2458 deinde
877 2393 955 2478 περὶ
990 2385 1152 2478 ὁμονοίας,
1185 2402 1258 2458 tum

85 2493 263 2582 restauratio,
289 2490 437 2585 denique
462 2500 538 2587 περὶ
561 2499 697 2587 κρίσεως
721 2491 879 2588 ὀνείρισν.“
929 2499 997 2564 Sed
1027 2500 1182 2584 peccavit
1204 2500 1259 2564 vir

83 2606 212 2687 doetus,
239 2607 337 2690 quod,
363 2606 561 2691 priusquam
575 2606 783 2671 testimoniis
799 2615 960 2689 uteretur,
982 2606 1151 2691 quomodo
1168 2607 1260 2672 inter

84 2735 120 2776 so
153 2713 288 2797 singula
320 2713 521 2778 cohaereant
545 2721 579 2778 et
603 2735 688 2798 quaa
712 2714 832 2798 cuique
864 2713 909 2777 sit
937 2712 1023 2777 fides
1053 2720 1154 2798 atqua
1184 2735 1260 2778 auc·

82 2819 212 2901 toritas,
238 2827 339 2884 antea
354 2843 424 2883 non
448 2820 671 2905 scrutabatur,
687 2819 1000 2904 recentioribusque
1017 2819 1218 2905 antiquiora,
1241 2842 1259 2883 e

84 2925 207 3009 quibus
217 2926 393 3009 floruerant,
411 2925 632 2992 confirmabat
643 2948 801 3010 novaque
817 2918 858 2991 eit
877 2927 925 2992 eis
945 2926 1121 2992 efficiebat.
1140 2927 1259 3010 Itaque
1353 2948 1363 2960 ·

83 3033 161 3097 lieri
176 3055 247 3097 non
262 3040 385 3116 potest,
404 3032 486 3116 quin
503 3041 610 3097 totam
628 3032 738 3118 quoad
753 3033 834 3098 licet
844 3033 1072 3118 Antiphontis
1088 3035 1145 3099 vel
1160 3032 1260 3097 Anti-

86 3139 268 3223 phontium
284 3160 481 3203 revocemus
493 3139 681 3204 historiam.
706 3139 774 3204 Sed
789 3140 891 3204 hacce
904 3162 1005 3225 opera
1021 3162 1097 3204 cum
1114 3140 1260 3223 plurima

85 3267 196 3329 eaque·
217 3245 418 3330 gravissima
442 3244 483 3308 de
503 3246 707 3330 auctoribus,
733 3246 855 3330 quibus
871 3245 1070 3312 testimonia
1087 3245 1258 3328 debemus,

87 3350 218 3415 allicere
241 3353 340 3416 liceat
370 3358 472 3435 atque
504 3354 658 3437 exemplo
683 3353 927 3436 demonstrare,
962 3375 1027 3436 quo
1052 3353 1153 3417 modo
1188 3352 1261 3437 qui-

86 3458 215 3542 busque
248 3457 367 3522 rivulis
400 3458 564 3522 memoria
594 3459 663 3524 uiri
693 3459 732 3523 in
764 3460 887 3526 litteris
921 3459 1058 3524 Graecis
1089 3459 1170 3524 clari
1200 3482 1261 3545 per

87 3566 219 3629 saecula
242 3566 288 3630 sit
310 3573 508 3652 propagata,
535 3566 576 3630 de
598 3566 815 3651 Antiphonte
834 3574 950 3630 tamen
974 3566 1128 3652 sophista
1151 3589 1261 3651 neque

87 3672 178 3735 aliud
203 3673 383 3757 quiequam
407 3673 492 3738 certi
521 3673 624 3737 statui
655 3681 769 3756 potest
792 3695 912 3757 neque,
937 3696 1021 3737 num
1045 3673 1134 3737 idem
1159 3671 1262 3737 fuerit

87 3787 187 3861 atque
200 3780 440 3863 Rhamnusius,
457 3803 593 3865 prorsus
611 3779 766 3845 discerni.
781 3780 900 3863 Itaque
916 3803 957 3844 ex
974 3780 1261 3845 commentatione

87 3885 284 3971 copiosiore,
314 3909 413 3971 quam
442 3887 628 3971 conscripsi
652 3886 694 3951 de
718 3895 873 3951 veterum
905 3886 1121 3969 testimoniis,
1158 3886 1261 3950 hocce

88 3992 224 4074 quidem
258 3995 331 4057 loco
361 3993 474 4078 capita
506 4001 640 4058 tantum
673 4015 856 4077 excerpens
888 4015 959 4057 non
992 3992 1160 4077 proferam
1193 3992 1263 4056 nisi

88 4121 174 4182 quae
194 4100 234 4165 de
253 4099 534 4185 locupletioribus
559 4122 675 4164 eorum
699 4099 854 4183 sentiam,
878 4121 989 4185 neque
1013 4099 1261 4165 sententiarum

88 4229 239 4272 mearum
267 4208 412 4274 adiciam
435 4215 645 4291 argumenta.
