3030 4672
741 232 961 294 „14-

354 426 428 503 Quo
444 423 493 506 lit,
517 432 556 490 ut
571 447 681 490 meam
705 426 814 511 ipsius
830 426 872 490 de
897 426 1006 490 libelli
1021 434 1220 510 argumento
1238 426 1441 511 opinionem

263 531 418 617 pluribus
450 530 564 595 verbis
595 531 782 617 insumptis
815 541 849 599 et
882 554 1048 619 exponam
1083 542 1118 598 et
1151 528 1336 617 vindicem,
1373 556 1441 617 qua

263 660 369 723 opera
392 660 454 723 pro
488 638 610 721 dubiis,
645 638 757 722 qualia
788 639 1025 725 proponebant
1056 639 1126 722 illi,
1152 638 1319 724 proferam
1352 638 1440 705 forte

264 745 415 813 certiora.

352 852 504 916 Titulum
519 873 601 915 vero
620 874 663 915 ne
679 850 938 916 fundamentum
963 851 1134 934 iaciamus,
1151 852 1259 936 ipsius
1276 852 1438 938 ambigua

263 958 502 1042 interpretatio
522 957 642 1022 obstat.
666 957 698 1021 A
712 956 914 1043 fragmentis
932 959 1040 1044 igitur
1062 958 1200 1023 initium
1225 959 1439 1024 sumendum.

266 1065 396 1144 Quibus
428 1073 463 1129 et
495 1063 659 1128 enarratis
692 1073 727 1129 et
759 1065 936 1150 explicatis
969 1087 1046 1129 cum
1070 1065 1223 1150 singulas
1251 1066 1439 1131 sententias

263 1172 510 1237 illustraturum
537 1179 611 1236 tum
645 1170 858 1256 singularum
890 1171 980 1236 inter
1012 1194 1048 1235 se
1079 1171 1349 1236 necessitudines
1382 1171 1440 1236 de-

263 1285 526 1343 monstraturum
550 1299 605 1341 me
629 1298 702 1341 osse
726 1299 835 1361 spero,
860 1284 992 1341 utnon
1015 1277 1125 1341 solum
1153 1277 1233 1342 libri
1256 1278 1438 1350 consilium

263 1393 364 1469 atque
380 1392 618 1468 argumentum
637 1383 893 1468 perspiciamus,
910 1382 969 1447 sed
989 1384 1102 1467 etiam,
1121 1406 1186 1469 quo
1206 1392 1322 1449 auctor
1336 1384 1440 1449 tuerit

263 1491 377 1556 animo
401 1498 503 1575 atque
533 1490 658 1572 indole,
690 1512 943 1575 cognoscamus.
988 1490 1040 1554 Ne
1063 1513 1143 1555 vero
1168 1490 1247 1555 libri
1270 1491 1439 1555 tractandi

262 1598 471 1662 lineamenta
484 1593 609 1662 refecta
624 1597 744 1661 alienis
761 1595 898 1661 adscitis
913 1595 1024 1682 denuo
1042 1596 1271 1676 obscurentur,
1287 1597 1437 1681 primum

264 1703 401 1788 quidem
426 1702 561 1769 omissis
584 1726 668 1788 quae
691 1704 967 1789 interpretationi
986 1726 1180 1768 succurrere
1203 1704 1338 1788 possint
1361 1702 1439 1768 aliis

222 1896 226 1904 Ι
263 1809 1439 1896 rebusquammaximepotero,continebomeinAntiphouteisipsis,

352 1917 466 2000 Atque
482 1916 625 1981 laudabo
641 1917 777 2001 quidem
794 1939 964 2000 numeros,
978 1917 1100 2001 quibus
1113 1926 1232 1981 omata
1243 1915 1439 2000 fragmenta

263 2022 449 2088 afferuntur
481 2023 518 2087 in
551 2023 682 2087 Dielesi
719 2023 799 2088 libri
838 2024 989 2089 editione
1021 2023 1056 2087 H
1095 2023 1271 2107 adponens
1304 2045 1439 2106 semper

263 2151 423 2194 numeros
455 2130 666 2214 Blassianos;
711 2152 774 2196 neo
809 2152 880 2194 non
917 2153 1037 2215 sequar
1068 2138 1202 2195 textum
1234 2153 1253 2194 a
1285 2128 1437 2193 Dielesio

263 2237 496 2319 constitutum,
522 2237 688 2303 adnotans
711 2237 916 2320 ubicumque
939 2239 995 2302 vel
1019 2236 1085 2300 alia
1116 2237 1262 2321 legenda
1285 2258 1357 2300 esse
1380 2237 1439 2299 vel

263 2342 458 2408 Dielesiana
481 2344 737 2409 confirmatione
760 2343 915 2427 indigere
939 2343 1068 2426 putavi.

485 2647 510 2713 Ι.’
530 2648 573 2713 De
598 2646 665 2712 libri
690 2647 887 2728 arguments
910 2664 950 2714 ac
975 2647 1214 2732 compositione.

40 2783 234 2854 stt-5221&
352 2789 404 2851 De
422 2787 495 2851 vita
518 2787 591 2871 agit
613 2785 844 2871 fragmentum
868 2787 984 2852 521>ss
1008 2785 1223 2853 :1061312
1269 2786 1438 2850 Vertebat

263 2894 625 2959 hocWilamowitzius
649 2895 670 2957 l.
689 2895 724 2957 l.:
751 2894 839 2978 ,Das
864 2894 978 2957 Leben
1004 2894 1049 2959 ist
1071 2895 1153 2957 kurz
1178 2895 1349 2979 (133137
1372 2893 1437 2971 ΒΙ.)

262 3001 334 3066 und
358 3023 437 3064 man
459 3000 552 3064 kann
576 3023 610 3064 es
634 3000 732 3064 nicht
753 2999 842 3064 noch
867 3000 993 3063 einmal
1015 3000 1124 3080 leben,
1149 3000 1213 3063 wie
1236 2999 1324 3062 nach
1343 2999 1437 3062 einer

262 3109 464 3173 verlorenen
489 3107 564 3171 eine
587 3107 882 3190 Ravanchepartie
906 3107 1039 3191 spielen
1063 3107 1177 3189 (106).“
1227 3102 1437 3189 1111161131-

262 3224 318 3279 tur
351 3214 580 3279 accusativum
615 3236 687 3278 esse
722 3213 863 3298 putabat
896 3213 1054 3278 vocabuli
1092 3209 1129 3278 τὸ
1170 3207 1330 3295 1111113111
1377 3212 1437 3275 sed

263 3321 364 3386 etiam
389 3320 430 3384 ad
452 3321 656 3385 vocabulum
681 3313 698 3384 ὁ
722 3314 842 3398 πεττὸς
864 3320 1035 3404 pertinere
1058 3319 1206 3405 potest.²)
1244 3319 1339 3382 Tunc
1362 3341 1437 3383 ver-

262 3428 385 3492 tendus
408 3429 501 3492 loeus
525 3428 628 3492 hocce
652 3426 767 3490 modo:
793 3428 882 3511 ,Das
901 3427 1017 3490 Leben
1041 3427 1133 3490 kann
1156 3448 1236 3489 man
1259 3425 1357 3489 nicht
1380 3448 1436 3488 zu-

263 3535 462 3598 riicksetzen
485 3535 550 3598 wie
575 3533 675 3598 einen
690 3533 912 3614 Brettsteiffl,
938 3541 1038 3616 atque
1057 3532 1139 3596 haec
1155 3532 1289 3596 dicebat
1305 3540 1435 3595 auctor:

266 3641 326 3726 ⁷,In
345 3641 417 3704 vita
436 3640 590 3725 degenda
608 3663 678 3704 non
697 3639 790 3703 utin
809 3648 1010 3704 tesserarum
1033 3640 1108 3703 lusu
1131 3661 1230 3724 agere
1254 3639 1343 3719 licet,
1364 3638 1434 3719 ubi,

263 3748 344 3811 dum
368 3748 468 3812 modo
492 3749 586 3811 lusus
610 3747 720 3811 socius
742 3746 929 3830 permittat,
956 3769 1056 3830 quam
1081 3747 1182 3812 stulte
1206 3745 1351 3831 posuisti
1370 3753 1436 3809 tes-

264 3877 384 3937 seram,
409 3862 447 3919 ut
476 3855 574 3918 aliter
596 3875 712 3937 ponas,
748 3875 913 3938 reponere
936 3852 1063 3938 potes.“
1111 3852 1197 3918 Utra
1232 3852 1356 3916 rectior
1391 3851 1436 3914 sit

263 3961 509 4047 interpretatio,
529 3960 719 4024 discernere
735 3961 827 4042 nolo;
853 3981 1061 4044 quamquam
1083 3968 1117 4024 et
1132 3960 1224 4023 vocis
1241 3951 1434 4024 tractatuum

356 4127 371 4184 ¹)
392 4122 432 4180 Cl.
453 4121 539 4190 Sopb.
559 4121 658 4190 fragm.
678 4121 730 4174 396
748 4120 793 4173 N2.

353 4216 371 4275 ²)
391 4211 432 4264 ef.
453 4210 503 4264 Od.
523 4211 533 4262 l
553 4209 612 4263 107.
650 4210 722 4264 Plat.
743 4209 811 4278 Rep.
830 4208 845 4262 Ι
864 4210 916 4263 333
935 4210 966 4262 Β.
