3030 4672
23 2681 66 2738 De
74 2680 236 2737 rhetoribus.

24 3161 69 3216 De
93 3161 154 3216 libri
173 3161 236 3216 loeo

47 3251 212 3320 complexio,

739 236 959 300 ..32-

264 428 504 493 consimillima
528 429 671 513 protulit
692 430 747 493 vir
770 430 888 495 doctus
912 431 1094 514 Cratetis,¹)
1118 429 1248 517 Cynica
1273 431 1439 496 nimirum

263 543 414 619 utraque.

354 641 446 719 Quae
465 665 546 706 vero
563 643 802 708 Duemmlerus
825 644 867 708 ad
886 645 951 708 Ak.
967 667 999 729 p.
1015 647 1061 712 80
1078 644 1168 727 (adn.
1185 646 1217 726 2)
1241 645 1441 711 adnotabat:

266 748 356 827 „Das
367 748 468 813 Wort
483 750 551 831 (sel.
571 752 710 832 θεαιὸής)
726 750 810 814 wird
826 751 923 816 nieht
945 752 994 815 als
1016 755 1187 836 θεο-ειόής,
1210 774 1278 816 was
1299 755 1442 836 θεουδής

263 855 398 920 werden
415 864 553 936 maeste,
575 856 721 921 sondern
738 859 786 922 als
802 861 969 942 teo-arete
984 856 1250 943 gottesiiirehtig
1267 881 1310 922 zu
1325 856 1442 924 iassen

264 963 346 1027 sein.
391 963 457 1026 Die
482 962 587 1027 Stelie
611 964 696 1048 geht
714 964 867 1029 offenbar
885 963 941 1029 aui
959 965 1024 1028 den
1044 987 1109 1029 uns
1127 987 1197 1030 von
1215 965 1339 1031 Platon
1358 966 1443 1030 Pro-

263 1078 397 1154 tagoras
420 1093 452 1154 p.
476 1070 541 1135 322
565 1070 598 1135 A
622 1071 818 1136 erheltenen
844 1071 924 1136 Setz
950 1069 1046 1155 jenes
1069 1071 1268 1156 Sophisten:
1310 1073 1441 1156 Ἐπειδὴ

265 1179 299 1241 δὲ
322 1179 341 1239 ὁ
364 1180 539 1258 ἄνθρωπος
561 1180 650 1249 θείας
672 1182 800 1262 μετέσχε
821 1182 944 1261 μοίρας,
973 1186 1100 1261 πρῶτον
1127 1181 1186 1261 μὲν
1211 1180 1280 1263 [διὰ
1304 1181 1361 1262 τὴν
1384 1187 1442 1243 τοῦ

263 1286 342 1347 θεοῦ
365 1285 561 1368 συγγένειαν]
587 1286 683 1367 ζῴων
704 1287 804 1368 μόνον
827 1287 923 1356 θεοὺς
953 1287 1084 1368 ἐνόμισε,
1115 1287 1168 1349 καὶ
1196 1288 1343 1369 ἐπεχείρει
1372 1289 1442 1368 βω-

262 1394 345 1472 μούς
367 1417 398 1454 τε
421 1393 585 1473 ἱδρύεσθαι
609 1394 662 1455 καὶ
685 1394 849 1474 ἀγάλματα
872 1394 967 1455 θεῶν.
1000 1391 1079 1455 Wie
1095 1390 1295 1476 Antiphone
1311 1389 1445 1456 schrift

263 1499 333 1579 περὶ
357 1500 506 1580 ἀληθείας
522 1497 717 1561 ersiehtlioh
736 1496 793 1562 auf
807 1498 1009 1582 Protagoras
1028 1499 1147 1582 Bezug
1165 1498 1299 1580 nimmt,
1325 1519 1363 1562 so
1383 1497 1443 1562 be·

263 1603 447 1668 handelten
472 1603 527 1667 die
550 1603 687 1668 Biioher
709 1608 747 1686 (2²)
770 1607 840 1686 περὶ
864 1608 1014 1688 ὁμονοίας
1045 1604 1198 1669 desselbe
1222 1604 1352 1668 Thema
1374 1604 1443 1668 wie

263 1709 324 1772 der
346 1709 486 1794 Mythus
510 1710 569 1775 des
592 1711 802 1794 Protagorae,
827 1711 882 1775 die
907 1711 1445 1796 Grundbedingungen'sozialer

263 1816 456 1898 Existenz,“
470 1839 508 1880 ea
519 1839 588 1881 una
600 1839 676 1881 oum
685 1817 780 1881 vocis
790 1821 921 1902 θεαιόής
933 1817 1213 1903 interpretatione
1226 1817 1361 1898 eadunt,
1376 1818 1445 1882 etsi

264 1923 306 1987 de
329 1923 428 1988 rebus
447 1924 606 1988 civilibus
622 1924 848 2008 Antiphontis
871 1924 957 1989 liber
973 1925 1100 2010 egisset
1122 1947 1232 2008 neque
1247 1922 1362 1988 fabula
1382 1923 1445 1988 illa

264 2052 283 2093 a
302 2030 447 2094 Platone
471 2031 577 2094 relata
592 2031 833 2096 Antistheniea
856 2031 971 2115 potius
995 2040 1084 2096 esset
1108 2053 1209 2116 quam
1232 2031 1445 2114 Protagorae

264 2135 314 2219 (of.
330 2138 355 2202 J
356 2137 435 2201 oelii
450 2139 542 2202 locos
557 2138 595 2200 in
612 2138 724 2203 indice
740 2143 974 2215 enumeratos).
1004 2138 1041 2202 Si
1057 2159 1138 2202 vero
1155 2138 1231 2220 (Ah.
1249 2138 1443 2221 aea-259)
1463 2136 1466 2141 ’

264 2244 453 2308 coniciebat
478 2245 574 2328 „dass
598 2245 744 2329 Hippias
777 2246 853 2309 dem
887 2244 1072 2329 Sophisten
1095 2244 1274 2329 Antiphon
1309 2244 1346 2307 in
1381 2245 1444 2308 der

263 2351 466 2434 Forderung
489 2351 548 2414 der
570 2351 856 2436 Zuriiekiiihrung
885 2351 1012 2428 idealer
1041 2350 1236 2415 iriedlioher
1265 2350 1443 2415 Zustande

263 2479 552 2542 vorangegengen
586 2459 665 2539 seis*
700 2459 851 2523 reioiisse
884 2468 918 2523 te
953 2459 1035 2522 satis
1067 2458 1178 2522 habeo
1203 2457 1245 2522 ed
1273 2479 1320 2539 ea,
1354 2479 1444 2543 quae

264 2587 365 2649 supra
388 2565 429 2628 de
452 2564 533 2629 iibri
546 2564 777 2649 Antiphontei
793 2573 994 2649 argumento
1015 2565 1241 2649 exposuimus.

347 2672 466 2756 Neque
476 2673 653 2755 sermonis,
663 2672 904 2758 quaspraebet,
913 2671 1292 2756 argutiasarhetoribus
1300 2671 1442 2754 petisse,

264 2801 468 2864 quamquam
478 2779 543 2843 hoo
553 2779 730 2844 contendit
740 2780 857 2843 harum
868 2801 981 2843 rerum
990 2778 1049 2863 qui
1056 2777 1284 2862 peritissimus
1295 2777 1444 2842 estNor-

265 2886 381 2968 denus,
395 2895 567 2951 auctorem
579 2885 667 2950 inira
680 2886 936 2969 explicabimus,
960 2885 1131 2949 Nimirum
1143 2906 1254 2968 neque
1268 2883 1444 2968 sophistas

264 2994 341 3058 illos
366 3016 475 3077 neque
499 2993 650 3057 rhetores
674 2992 854 3076 magistros
877 2991 1033 3076 habebat,
1058 2992 1116 3056 sed
1141 2999 1266 3076 poetas.

353 3153 498 3237 Antiqui
522 3153 629 3237 igitur
653 3152 816 3236 temporis
844 3153 1052 3217 novissimus
1077 3160 1148 3215 erat
1179 3151 1315 3214 libellus
1338 3149 1444 3216 Anti·

265 3259 473 3345 phonteus,‘²)
496 3260 617 3324 aetatis
640 3259 919 3344 antisophistieae
943 3260 1039 3343 quasi
1063 3259 1149 3323 stolo
1171 3265 1355 3339 extremus3
1381 3258 1445 3322 sed

265 3368 356 3432 idem
381 3374 452 3430 erat
475 3367 580 3431 etiam
604 3365 686 3430 novi
709 3367 874 3451 temporis
898 3367 1037 3450 primus,
1072 3386 1213 3449 germen
1245 3364 1343 3448 quasi
1368 3365 1443 3430 eius

266 3474 405 3556 arboris
432 3498 448 3537 e
473 3496 540 3558 qua
564 3474 678 3537 naturi
705 3481 801 3537 erant
820 3473 967 3538 Socratis
990 3472 1098 3554 flores
1122 3471 1277 3535 Platonis
1301 3469 1443 3538 fruetus.

264 3582 402 3649 Etenim
434 3581 645 3666 Antiphonti
676 3581 840 3645 libentius
873 3603 972 3665 quam
1005 3579 1172 3645 Archelao
1202 3577 1340 3642 moralis
1365 3578 1444 3663 phi-

264 3690 439 3773 losophiae
463 3687 630 3775 principis
653 3687 787 3751 laudem
813 3687 1007 3767 tribueris.³)

356 3851 372 3911 ¹)
392 3851 435 3903 De
453 3850 517 3903 loeo
537 3847 718 3901 Democriteo
737 3848 796 3901 iere
815 3847 914 3900 eodem
934 3846 969 3899 of.
988 3845 1063 3899 inira
1081 3863 1108 3916 p.
1127 3848 1162 3900 83
1181 3846 1246 3899 adn.
1265 3845 1291 3897 2.

354 3956 372 4019 ²)
389 3956 526 4022 Ἀλήθειαν
536 3953 666 4008 ultimum
680 3955 768 4008 fuisse
782 3954 905 4007 libellum
919 3952 1118 4022 intellegemus
1132 3951 1343 4022 philosophiae,
1355 3969 1443 4023 quam

265 4046 423 4109 nominant,
438 4045 585 4098 naturalis

354 4151 373 4216 ³)
393 4151 496 4205 Iniuria
516 4152 615 4205 irarum
635 4151 731 4203 herum
751 4149 922 4202 mentionem
937 4148 1082 4202 desideras
1102 4147 1129 4202 in
1149 4147 1283 4202 memorio
1295 4154 1443 4214 veterum

266 4241 369 4313 quippe
389 4259 474 4312 equa
493 4259 549 4294 non
569 4240 674 4293 haeeoe
693 4239 756 4293 sola
774 4239 940 4293 exciderint.
