3030 4672
722 259 943 325 ..86-

243 456 317 540 Ille,
342 478 418 520 cum
443 455 524 520 deos
543 453 778 539 voluptatibus
798 453 983 538 propositis
1006 452 1042 516 in
1061 451 1269 517 calamitates
1292 449 1423 516 illicere

243 563 420 646 vitamque
443 582 578 626 omnem
613 568 648 626 et
670 563 782 632 λύπαις
805 569 840 624 et
861 563 970 630 πόνοις
993 581 1013 623 a
1035 553 1108 623 'deis
1139 557 1252 622 missis
1283 565 1424 642 turgere

244 668 425 755 posuisset,
459 679 493 732 et
515 668 750 752 voluptatibus
783 675 817 731 et
849 666 943 731 omni
969 666 1019 730 rei
1042 664 1194 750 agendae
1223 665 1424 730 renuntiare

244 776 359 841 suasit.
400 775 494 857 Erat,
518 786 558 839 ut
572 774 741 840 Joelianis
759 781 844 856 utar,
873 771 1136 860 ,passivistisch
1163 771 1424 856 pessimistisch,

245 882 426 967 tragisoh“.
483 881 551 945 Hic
583 881 742 945 distinxit
776 879 927 945 diversas
960 879 1123 962 actiones3
1159 899 1242 942 nam
1274 898 1349 942 esse
1389 887 1425 942 et

244 991 350 1055 malas
373 997 408 1054 et
436 989 552 1071 bonas,
585 990 620 1052 τὸ
643 996 741 1052 ποιεῖν
765 987 821 1051 scl.
855 994 890 1050 et
920 988 1136 1069 chaterinae,
1165 985 1230 1049 hoc
1252 1006 1334 1049 vero
1359 985 1425 1048 mi-

243 1097 337 1161 nime
361 1096 495 1160 obstare
517 1094 669 1159 hominis
693 1094 803 1177 saluti,
832 1093 937 1157 immo
965 1091 1117 1157 hominis
1140 1091 1176 1155 id
1199 1092 1312 1177 ipsum
1336 1113 1423 1175 esse,

242 1212 283 1270 ut
304 1215 430 1288 ageret,
465 1202 613 1286 deosque
636 1202 693 1266 vel
716 1200 817 1264 deum
849 1200 977 1264 bonum
1010 1198 1206 1263 hominibus
1239 1199 1425 1283 agentibus

243 1332 317 1375 esse
341 1330 590 1390 succursurum3
614 1318 653 1372 ut
676 1307 805 1393 optime
828 1307 969 1387 viveret,
995 1306 1053 1392 qui
1075 1305 1208 1389 agendo
1228 1305 1319 1370 vitae
1342 1328 1425 1371 con-

243 1416 396 1481 diciones
414 1416 489 1500 ipse
503 1436 606 1499 quam
622 1414 770 1498 optimas
785 1413 852 1478 sibi
868 1413 1031 1477 redderet.
1076 1413 1159 1476 Erat
1176 1412 1422 1498 ,activistisch

244 1522 486 1607 optimistisch,
510 1519 1095 1606 intellehtualistisch-dynamisch“.
1124 1519 1170 1584 Et
1185 1521 1312 1603 ἡδονὰς,
1338 1541 1424 1604 quas

243 1632 344 1699 λύπας
359 1628 655 1711 subsequerentur,
673 1648 750 1691 cum
766 1626 981 1710 Antiphonte
995 1626 1220 1690 Antisthenes
1235 1647 1372 1710 quoque
1389 1635 1425 1691 et

242 1734 458 1819 vituperabat
472 1742 507 1798 et
520 1734 689 1799 reiciebat.
714 1731 783 1797 Sed
794 1755 864 1797 non
877 1733 953 1797 ideo
966 1733 1136 1815 reiciebat,
1151 1731 1241 1817 quod
1253 1734 1348 1797 λῦπαι
1366 1755 1425 1797 eas

243 1848 473 1925 sequerentur,
507 1840 565 1905 sed
590 1839 691 1924 quod,
725 1839 813 1904 sicut
835 1842 929 1904 λῦπαι
953 1839 1057 1923 ipsae,
1081 1838 1119 1922 id
1141 1839 1219 1921 sint,
1246 1838 1336 1924 quod
1361 1861 1425 1904 no-

242 1947 395 2012 minabat
413 1951 521 2030 πάόη;
545 1968 656 2030 neque
678 1968 727 2029 eo,
745 1946 835 2030 quod
852 1946 903 2009 nil
918 1967 1056 2030 prorsus
1072 1967 1258 2030 ageremus,
1275 1945 1424 2010 arcenda

242 2054 301 2119 illa
323 2053 475 2139 putabat,
500 2052 560 2117 sed
576 2052 727 2137 corporis
743 2053 936 2138 mentisque
953 2053 1084 2117 duritia.
1131 2052 1287 2117 Necnon
1304 2052 1425 2136 posuit

242 2163 446 2245 voluptates
472 2182 556 2244 quas
580 2182 650 2224 non
675 2160 871 2244 exciperent
902 2159 995 2224 λῦπαι
1020 2181 1171 2244 quaeque
1202 2180 1272 2223 non
1305 2155 1424 2224 essent

242 2271 345 2351 πάθη,
372 2268 489 2350 ἡδονὰς
512 2268 569 2331 sol.
592 2269 689 2350 μετὰ
714 2269 841 2338 πόνους.
889 2267 978 2343 Quas
1001 2269 1200 2350 εὐφροσύνας
1219 2269 1423 2350 (εὐφραίνειν)

242 2374 364 2439 maluit
397 2395 529 2457 vocare,
566 2395 667 2458 quam
700 2375 818 2457 ἡδονάς
850 2372 1042 2456 (<ἥὸεοόαι).1λ
1099 2371 1305 2456 Saepissime
1337 2395 1422 2438 vero

243 2480 399 2565 quamvis
421 2481 633 2564 voluptatem
656 2489 828 2564 tamquam
854 2479 1029 2543 modulum
1052 2479 1237 2562 adhiberet,
1267 2500 1339 2542 non
1364 2479 1423 2543 ad·

241 2587 382 2651 bibebat
406 2609 479 2651 eam
503 2609 539 2650 re
563 2609 643 2651 vera
665 2586 733 2650 nisi
748 2587 805 2650 vel
828 2585 995 2670 paradoxo
1013 2586 1162 2670 quodam
1179 2584 1329 2669 sibiipsi
1347 2608 1422 2650 non

242 2693 362 2778 ignoto
372 2715 462 2774 usus,
474 2694 530 2757 vel
541 2693 614 2776 ipse
624 2693 759 2756 nescius
769 2692 921 2776 priorum
933 2691 1201 2757 ratiocinationis
1211 2690 1312 2755 modo
1323 2692 1422 2776 quasi

241 2799 402 2865 irretitus.
436 2797 592 2864 Profecto
608 2798 784 2862 modulum
800 2798 946 2863 habebat
960 2801 1060 2863 πόνον
1075 2799 1198 2882 ipsum,
1216 2820 1326 2882 quem,
1347 2820 1421 2862 non

241 2945 285 2953 —
300 2914 339 2971 ut
353 2906 533 2991 Antiphon
552 2945 593 2954 -
609 2906 801 2970 molestiam
826 2915 861 2970 et
879 2906 1032 2970 dolorem
1047 2905 1184 2991 („Mi'1he
1200 2904 1271 2968 und
1286 2904 1420 2989 Leid“),

242 3012 301 3077 sed
311 3013 459 3078 laborem
472 3013 580 3077 bonae
588 3011 696 3094 hugis
708 3012 848 3096 plenum
859 3010 1170 3098 („fruchttragende
1179 3010 1334 3092 Arbeitl)
1345 3033 1421 3076 esse

241 3119 359 3184 voluit.
405 3119 602 3183 Detrectare
636 3119 743 3183 vitam
783 3126 855 3183 arte
888 3118 1100 3183 indolentiae
1136 3122 1236 3202 (τέχνη
1273 3117 1420 3200 ἀλυπίας)

242 3224 362 3307 noluit,
394 3224 454 3288 sed
477 3224 614 3290 vincere
642 3233 743 3308 atque
776 3246 934 3309 superare
967 3225 1094 3289 virtute
1126 3227 1251 3308 (ἀρετή).
1297 3223 1419 3308 Itaque

242 3331 347 3395 etiam
371 3331 636 3412 matrimonium,
669 3332 801 3396 labores
834 3333 899 3396 etsi
922 3331 1057 3397 afferret
1086 3353 1147 3415 pro
1172 3330 1418 3416 voluptatibus,

240 3437 424 3501 liberorum
448 3436 691 3521 pariendorum
711 3461 809 3503 causa
832 3439 1019 3502 ineundum
1044 3460 1115 3502 esse
1140 3437 1262 3519 dixiti)
1308 3437 1354 3502 Et
1378 3460 1419 3502 eo

242 3565 376 3629 quoque
400 3566 477 3608 cum
501 3543 717 3627 Antiphonte
741 3546 915 3611 consensit
938 3545 1095 3630 Cynicus,
1120 3545 1210 3629 quod
1232 3566 1304 3624 non
1327 3566 1420 3609 com·

241 3651 352 3734 parari
376 3650 435 3715 sed
458 3651 614 3734 usurpari
637 3650 775 3716 divitias
798 3652 906 3716 iussit.
950 3652 998 3717 At
1020 3673 1091 3715 non
1115 3651 1303 3716 sufficiebat
1327 3649 1360 3714 ei
1382 3653 1418 3716 τὸ

240 3761 389 3842 χρῆσθαι,
414 3757 520 3821 immo
545 3759 795 3842 postulabatur
819 3762 926 3830 καλῶς
948 3763 1096 3843 χρῆσθαι,
1130 3780 1195 3844 quo
1218 3758 1322 3822 homo
1346 3780 1418 3823 non

240 3863 350 3948 ipsius
366 3864 470 3928 solius
487 3874 655 3948 spectaret
666 3866 860 3948 utilitatem,
877 3865 936 3930 sed
952 3867 1095 3931 salutem
1108 3864 1274 3946 omnium,
1287 3863 1418 3949 quippe

241 3970 300 4054 qui
319 3970 532 4035 Christianus
555 3979 728 4057 tamquam
753 3980 832 4038 ante
853 3973 1024 4038 Christum
1049 3972 1179 4056 etipse
1202 3971 1324 4036 melior
1342 3970 1419 4035 lieri

333 4154 349 4212 ¹)
370 4149 405 4203 cf.
425 4149 488 4202 Joel
509 4164 570 4219 cap.
590 4149 621 4201 V.
756 4175 759 4180 ·

330 4236 349 4303 ²)
369 4237 407 4292 cf.
426 4237 492 4292 Joel
511 4239 535 4292 11
555 4239 633 4307 1002,
653 4239 756 4292 11357.
