3030 4672
571 200 792 264 -39-

91 419 164 461 non
187 364 499 461 restituimus‘nisi
532 394 676 480 primam
705 395 915 479 particulam,
941 417 1026 480 quae
1060 406 1111 461 est
1143 398 1185 463 de
1207 421 1271 465 usu

93 503 302 567 divitiarum.
349 500 571 586 Indagandae
604 511 790 565 ceterarum
824 501 986 586 reliquiae
1022 524 1157 589 eaeque,
1194 521 1270 570 cum

93 609 299 680 describant.
329 615 568 692 praeceptere
592 630 672 671 vera
700 607 828 672 dantes.
876 607 973 686 Quod
998 631 1139 673 examen
1163 610 1271 696 prius-

93 739 196 802 quam
220 716 453 800 suscipiamus,
487 713 638 778 virorum
662 715 838 779 doctorum
852 714 1059 797 sententias,
1094 739 1175 801 quas
1206 717 1271 782 iam

91 821 445 902 commemoravimus
471 820 622 885 diversas
646 822 797 886 breviter
819 820 1013 886 refutemus.

186 964 365 1043 Quaeritur
389 986 470 1027 sane
494 964 536 1027 de
559 962 762 1047 fragmentis
786 963 854 1027 illis
880 963 1092 1029 Stobaeanis.
1139 965 1205 1030 hed
1231 966 1272 1030 de

94 1072 271 1158 genuitate
304 1071 372 1135 iam
403 1093 473 1134 non
507 1070 673 1154 ambiges,
710 1070 752 1134 de
775 1069 920 1134 Politice
955 1078 1068 1135 autern
1104 1072 1272 1158 Sauppius

93 1181 190 1244 nulla
213 1178 279 1244 alia
303 1200 404 1242 causa
427 1178 586 1242 inductus
610 1177 792 1261 cogitabat,
817 1177 885 1240 nisi
910 1177 998 1261 quod
1032 1200 1101 1241 non
1133 1178 1273 1244 haberet

95 1286 251 1351 libellum
275 1285 451 1370 aptiorem.
500 1284 619 1348 Restat
651 1284 758 1368 igitur
780 1283 945 1347 Bureschi
969 1285 1000 1367 (l.
1030 1285 1061 1359 1.)
1095 1286 1272 1350 sententia.

96 1393 163 1471 Qui
178 1392 293 1456 omnia
308 1392 392 1456 haec
408 1391 603 1455 Stobaeana
627 1393 691 1472 (51,
705 1391 757 1470 49,
773 1392 825 1472 66,
839 1395 894 1467 503
912 1392 964 1460 53,
976 1393 1053 1473 bssa,
1067 1393 1121 1469 54)
1139 1414 1206 1455 non
1229 1391 1272 1455 ad

95 1499 188 1563 aliud
205 1499 369 1583 scriptum
386 1498 558 1583 pertinere
573 1520 672 1582 posse
688 1497 874 1579 contendit,
890 1498 957 1560 nisi
972 1497 1013 1561 ad
1029 1498 1273 1563 consolationis

95 1607 258 1671 volumen
293 1606 474 1690 peculiare,
509 1605 598 1689 quod
632 1605 680 1668 ita
715 1613 958 1689 comparatum,
992 1616 1031 1669 ut
1066 1605 1199 1691 ,varias
1232 1604 1273 1669 de

95 1713 202 1777 variis
225 1713 317 1777 vitae
342 1713 474 1777 casibus
499 1712 748 1776 consolationes
765 1713 830 1775 ivel
851 1710 1067 1776 fortuitorum
1091 1711 1272 1791 1911161111)α

96 1820 297 1900 contineret,
333 1827 544 1904 spectaretur
567 1818 667 1883 titulo
698 1819 756 1881 illo
781 1842 800 1881 a
823 1817 906 1881 falso
932 1819 1113 1883 Plutarcho
1139 1819 1274 1883 laudato

96 1931 198 2010 (τέχνη
212 1930 363 2000 ἀλυπίας).
387 1926 506 2010 Neque
522 1949 592 1990 non
607 1927 772 2010 persuasit
785 1925 868 1989 viris
878 1925 1048 1989 ‹loctisvel
1063 1927 1203 1989 omnino
1219 1926 1274 1989 vel

96 2034 141 2098 ad
159 2044 291 2118 partem
308 2033 523 2118 Gomperzio,
548 2034 671 2115 Joelio,
697 2032 856 2096 Dialesio
892 2033 938 2096 At
955 2055 1035 2096 num
1054 2033 1274 2097 ‹zorrsolatoris

96 2143 181 2206 haec
204 2163 277 2205 esse
301 2141 444 2224 possint,
475 2162 607 2224 quaero.
653 2140 729 2204 Non
766 2161 856 2224 nego
895 2140 928 2202 in
965 2140 1198 2203 <ermemberto
1233 2138 1275 2203 de

97 2258 207 2312 morte
239 2249 368 2332 optime
401 2249 512 2311 locum
547 2247 670 2311 habere
700 2247 790 2310 vitae
815 2245 1112 2331 vituperationem,
1148 2245 1275 2329 quippe

98 2378 185 2435 cum,
222 2356 263 2418 de
287 2355 456 2418 Bureschi·
482 2355 589 2438 ipsius
615 2354 780 2438 exemplis
812 2366 850 2417 ut
884 2362 1022 2435 taceam,
1058 2352 1091 2415 in
1117 2352 1274 2415 'lassulu-

98 2485 218 2527 narum
252 2462 522 2545 disputationum
558 2462 642 2525 libro
678 2462 787 2545 primo
818 2460 950 2523 Tullius
988 2459 1122 2543 quidem
1161 2457 1274 2522 timori

99 2591 261 2654 persaepe
285 2578 429 2633 mertem
450 2568 566 2632 (laceat
592 2579 733 2652 propter
747 2567 931 2630 discessum
949 2567 990 2629 ab
1007 2566 1165 2630 omnilrus
1184 2565 1276 2629 vitae

97 2676 211 2740 bonis:
235 2699 274 2739 ea
296 2698 377 2740 vere
402 2697 474 2738 esse
498 2690 556 2738 aut
579 2675 718 2758 opinata
742 2685 884 2755 tantum,
919 2684 977 2738 aut
1001 2687 1069 2737 tam
1104 2695 1210 2758 pauca
1242 2682 1276 2738 et

99 2805 213 2868 parva,
233 2792 271 2847 ut
290 2783 456 2845 malorum
477 2800 509 2844 et
529 2781 766 2866 magnitudine
787 2796 819 2845 et
841 2780 1061 2845 multitudine
1077 2781 1275 2861 obruantur,

99 2900 200 2973 atque
223 2903 332 2954 morte
357 2889 471 2952 omnia
494 2890 582 2951 mala
598 2902 633 2953 et
651 2888 800 2973 pericula
816 2888 920 2971 ellugi
946 2896 1002 2951 icc.
1019 2890 1171 2967 tlt-236).
1209 2886 1273 2949 secl

100 2995 841 3080 eundemaccuratiusirrspiciarrrrrsTulliurn.
860 2994 1083 3080 Cyrenaicum
1092 2993 1275 3077 Hegesiarn

100 3104 149 3167 sic
181 3103 315 3189 copiose
349 3103 540 3187 disputasse
574 3116 688 3167 narrat
722 3103 763 3166 de
797 3125 847 3186 eo,
882 3101 970 3186 qnod
1005 3126 1024 3164 a
1059 3101 1153 3164 nralis
1186 3120 1277 3162 mors

99 3210 289 3275 abduceret.
321 3233 389 3274 non
415 3234 434 3273 a
459 3211 565 3275 bonis.
600 3223 638 3274 ut
664 3212 690 3274 is
714 3236 733 3275 a
757 3233 837 3295 rege
861 3210 1056 3274 Ptolemaeo
1083 3205 1276 3292 prohibitus

101 3340 172 3381 esse
196 3317 365 3382 diceretur
388 3319 446 3381 illa
467 3319 500 3380 in
521 3318 636 3381 schola
656 3319 817 3402 profiteri,
845 3317 934 3402 qued
954 3316 1049 3379 multi
1076 3314 1127 3377 his
1152 3310 1277 3376 auditis

101 3435 244 3488 mortem
268 3425 333 3488 sibi
359 3425 425 3509 ipsi
456 3426 713 3490 consciscerent.
759 3425 805 3490 Et
828 3422 1028 3490 Callimachi
1064 3421 1277 3506 epigramma

100 3532 136 3594 in
160 3532 416 3595 Ambraciotam
442 3532 697 3597 Cleombrotum
722 3554 808 3597 esse:
839 3555 939 3617 quern
965 3530 1064 3594 dicat.
1089 3551 1163 3591 curn
1191 3525 1276 3589 nihil

101 3640 133 3703 ei
157 3639 333 3703 accidisset
357 3639 500 3721 adversi,
525 3663 543 3703 e
567 3662 665 3704 muro
690 3664 725 3704 se
750 3641 784 3703 in
810 3662 902 3704 mare
919 3637 1082 3703 abiecisse
1102 3635 1188 3697 lecto
1205 3632 1280 3696 Pla·

100 3748 192 3812 tonis
227 3747 322 3810 libro.
393 3747 505 3825 Quid?
551 3770 665 3812 unone
700 3750 774 3812 loco
806 3748 896 3812 vitae
932 3741 1148 3809 incommoda
1178 3737 1278 3801 nihili

100 3853 212 3918 facere
235 3854 413 3937 Antiphon
440 3855 578 3920 iubebat
602 3856 781 3920 homines?
805 3876 919 3917 urume
936 3848 1186 3915 consolationes
1204 3866 1280 3931 pre

100 3960 249 4024 ferebat?
281 3983 395 4026 unone
420 3965 540 4029 mortis
574 3964 764 4029 breviorem
790 3961 881 4024 viam
914 3957 1056 4022 suadet?
1103 3952 1280 4017 Contraria

101 4067 261 4131 volebant
299 4073 466 4135 nonnulla
504 4070 707 4157 fragmenta!
770 4068 888 4153 Neque
927 4061 1100 4130 contemni
1142 4058 1280 4123 iubebat

102 4194 218 4238 auctor
242 4177 337 4256 mala,
364 4200 452 4259 quae
477 4179 542 4241 iam
566 4179 734 4260 adessent,
765 4177 869 4241 immo
895 4168 1078 4258 prohiberi,
1109 4186 1195 4251 quae
1221 4163 1281 4225 im-
