3030 4672
577 189 872 255 -79...

98 383 136 446 in
159 383 315 447 versibus
348 383 417 446 illis
440 392 617 467 poetarum
642 383 873 468 elegiacorum
905 384 1058 468 adprime
1091 384 1276 468 deprehen-

96 489 233 571 datur.¹)
257 489 352 554 Idem
362 512 443 554 vero
456 490 513 554 hic
528 490 673 572 animus,
688 490 866 574 siquidem
879 499 1072 555 nostrorum
1084 498 1275 574 temporum
1373 491 1376 496 ’

96 597 267 681 exemplis
290 596 394 660 fidere
418 597 506 679 licet,
539 597 575 659 in
600 606 735 682 tempus
752 590 850 660 'illud
874 605 952 681 post
980 597 1070 662 bella
1098 598 1275 661 Persarum

94 703 262 786 coniecta,
289 726 354 786 quo
378 704 540 768 iuventus
564 703 655 768 inter
677 705 890 768 narrationes
907 703 948 767 de
971 713 1150 788 parentum
1167 712 1275 768 aetate

91 810 227 893 gloriae
251 812 355 894 plena
380 810 504 893 adulta,
537 832 613 875 oum
639 833 708 875 non
738 811 879 875 haberet
909 811 983 894 ipsa
1014 832 1068 875 res
1099 810 1273 894 gerendas,

95 916 379 1000 cogitationibus,
405 918 520 1001 quales
545 917 705 999 existunt,
724 939 801 981 cum
821 940 920 1000 quam
938 916 1141 1000 quietissimi
1158 939 1275 1001 quam-

95 1045 164 1108 que
180 1023 369 1087 beatissimi
387 1023 483 1108 quasi
499 1045 624 1100 sumus,
641 1023 843 1108 lugubribus
858 1023 1009 1105 vacabat,
1031 1024 1141 1087 multo
1153 1023 1274 1087 melius

94 1130 241 1213 quadrat
273 1152 373 1214 quam
406 1131 443 1192 in
476 1131 553 1195 illos
582 1130 665 1194 belli
687 1130 969 1215 Peloponnesiaci
999 1151 1116 1211 annos,
1152 1129 1274 1214 quibus

91 1237 329 1301 laborantibus
354 1236 511 1301 omnibus
535 1258 615 1319 non,
641 1258 725 1320 quae
749 1259 834 1300 uxor
857 1236 999 1300 liberive
1023 1235 1178 1318 afferunt,
1203 1258 1273 1300 mo-

93 1343 216 1406 lestiae
240 1344 392 1407 minutae
417 1353 514 1408 erant
537 1343 721 1426 deflendae,
747 1343 806 1406 sed
830 1343 959 1428 patriae
984 1343 1081 1409 labor
1096 1352 1197 1426 atque
1221 1365 1273 1406 res

94 1449 267 1531 adversae,
303 1450 525 1533 quibuscum
557 1449 598 1513 de
622 1450 694 1514 vita
717 1458 806 1514 esset
830 1458 1012 1531 certamen,
1046 1450 1153 1514 vitam
1186 1450 1274 1513 hanc

93 1556 260 1620 acerrime
284 1555 504 1620 defendentes
536 1557 604 1620 iam
638 1579 706 1620 non
741 1557 850 1640 ipsam
873 1557 1087 1640 accusabant,
1113 1556 1172 1620 sed
1196 1578 1273 1620 con-

95 1663 249 1727 diciones
272 1672 405 1728 tanturn
430 1674 638 1748 praesentes
663 1664 897 1749 desiderioque
922 1663 1068 1748 quodam
1093 1685 1153 1748 spe
1177 1671 1272 1747 parto

96 1778 131 1833 et
155 1769 348 1853 antiquiora
381 1779 536 1854 tempora
568 1770 718 1834 beatiora
751 1770 968 1834 somniabant
1001 1779 1035 1834 et
1067 1792 1102 1834 re
1135 1770 1272 1853 publica

94 1876 194 1940 aliter
218 1877 375 1941 instituta
399 1898 517 1941 omnes
541 1886 575 1941 et
598 1877 754 1940 miserias
779 1886 813 1941 et
836 1877 1044 1940 calamitates
1076 1876 1158 1940 tolli
1173 1897 1272 1959 posse

97 1983 286 2067 sperabant.
1321 1984 1323 1988 ’

187 2090 277 2167 Qua-s
306 2091 348 2154 ob
379 2112 430 2153 res
456 2089 610 2173 equidem
645 2111 715 2153 non
744 2088 873 2171 dubit0,
899 2089 981 2172 quin
1011 2111 1095 2172 quae
1117 2089 1271 2153 versibus

97 2196 256 2280 elegiacis
290 2219 367 2260 cum
400 2206 494 2261 extra
522 2196 676 2260 Athenas
701 2196 862 2279 CallinuS,
896 2195 1131 2278 Archilochus,
1157 2195 1272 2259 Semo-

94 2303 202 2385 nides,
229 2303 403 2387 Tyrtaeus,
428 2304 662 2386 Mimnermus
686 2302 900 2388 Phocylides,
924 2303 1166 2386 Xenophanes,
1191 2302 1273 2365 Par-

96 2409 259 2492 menides,
303 2409 498 2494 Hipponax,
542 2409 744 2493 praesertim
786 2409 971 2493 Theognis,
1011 2419 1084 2473 tum
1125 2408 1272 2474 Athenis

98 2516 201 2581 Solon
234 2539 298 2580 nec
329 2539 400 2580 non
432 2517 490 2580 alii
514 2517 829 2601 pronuntiaverant,
854 2516 1123 2601 pronuntiabant
1152 2524 1271 2600 postea

99 2623 219 2687 Critias
251 2632 286 2687 et
308 2623 590 2709 Thrasymachus
630 2623 670 2687 ad
707 2623 824 2687 eadem
857 2622 1058 2708 proferenda
1091 2622 1272 2706 Antiphon

98 2752 170 2793 oum
219 2729 327 2793 forma
373 2729 560 2793 sententias
606 2730 697 2813 ipsas
746 2729 841 2813 quasi
887 2730 1098 2813 amplificans
1146 2729 1272 2814 absque

97 2847 165 2900 arte
189 2837 324 2921 poetica
348 2836 389 2900 ad
413 2836 670 2920 philosophiam
696 2836 850 2920 quamvis
874 2858 944 2899 non
970 2837 1110 2901 omnino
1135 2857 1272 2920 progre-

98 2943 202 3026 dienn,
240 2943 400 3007 inductus
433 2943 596 3006 nimirum
628 2952 662 3008 et
691 2943 891 3008 Jonicorum
926 2951 996 3007 tam
1032 2942 1270 3007 historicorum

98 3072 198 3134 quam
235 3050 517 3134 philosophorum
550 3058 584 3114 et
613 3050 878 3115 Atheniensium
913 3049 1066 3133 ipsorum
1100 3060 1269 3112 oratorum

97 3158 252 3241 exemplo
279 3156 543 3220 Atheniensium
577 3157 735 3240 princeps
768 3156 962 3220 adhibuerit
992 3156 1179 3220 orationem
1213 3178 1270 3239 pe-

97 3263 253 3328 destrem.

181 3370 392 3452 Posterioris,
420 3391 519 3454 quam
543 3369 728 3451 nominavi,
754 3370 874 3436 aetatis
898 3384 933 3434 et
952 3369 1012 3433 alii
1036 3369 1088 3432 illi
1104 3369 1145 3432 de
1169 3369 1269 3433 rebus
1330 3367 1375 3421 De
1399 3367 1473 3423 libro

97 3477 252 3541 civilibus
271 3478 393 3541 melius
410 3476 688 3540 administrandis
711 3476 820 3540 libelli
837 3484 924 3558 sunt,
951 3452 1034 3561 quos
1050 3475 1269 3540 enumerabat
1296 3457 1502 3513 deAthenarum

96 3582 377 3648 Wilamowitzius
392 3583 570 3666 (A.u.A.1
587 3585 649 3649 169
663 3587 754 3668 sqq),
773 3591 807 3646 et
823 3582 864 3646 de
880 3605 916 3646 re
932 3583 1069 3668 publica
1080 3582 1269 3701 Athenien·
1322 3547 1482 3706 resgffla

96 3689 181 3754 sium
205 3689 414 3773 notissimus,
440 3691 497 3773 qui
522 3690 767 3774 Xenophontis
791 3690 929 3753 nomine
954 3712 1130 3774 perperam
1150 3690 1269 3752 inscrr-

95 3795 242 3861 bebatur.
279 3797 430 3874 Quocum
454 3796 732 3880 Antiphonteum
756 3796 943 3859 accuratius
963 3817 1159 3880 comparare
1183 3795 1269 3858 mihi

94 3924 162 3967 non
185 3903 287 3967 licere
314 3925 414 3986 quam
442 3903 592 3967 maxime
623 3903 733 3984 doleo;
769 3903 894 3987 quippe
925 3924 990 3986 qua
1018 3902 1268 3988 comparatione

94 4021 306 4035 ——p

183 4083 199 4146 ¹)
220 4079 254 4136 cf.
275 4086 394 4152 praeter
414 4081 545 4151 exempla
564 4099 581 4134 a
608 4080 821 4134 Burclrhardtio
850 4081 978 4150 praebita
1006 4079 1119 4136 Schulzi
1139 4098 1200 4151 cap.
1220 4081 1268 4148 IV,

93 4185 145 4226 nec
164 4188 222 4225 non
241 4186 317 4241 quae
336 4172 441 4225 scimus
460 4170 498 4224 de
517 4170 650 4224 Archelai
670 4170 717 4223 illa
737 4169 829 4239 elegia
849 4169 899 4239 (fg.
918 4171 933 4222 1
953 4169 1056 4233 Diels).
