3030 4672
738 236 958 299 ..50-

260 427 513 512 appellandum,
538 429 593 493 eui
609 429 725 493 insunt
742 439 875 494 tantum
891 452 969 494 eum
986 435 1108 515 γνώμη,
1125 452 1192 516 qua
1208 431 1416 517 cogitationes

260 535 481 600 eontinentur
502 534 553 616 (ef.
576 537 640 601 49».
666 552 737 600 tum
765 539 878 618 θυμός,
911 559 928 599 e
958 559 1023 621 quo
1054 536 1212 603 oriuntur
1239 539 1418 622 voluptates

178 686 181 690 -
260 642 312 724 (ci.
328 644 391 717 58).
432 643 562 720 Quibus
578 642 678 706 rebus
694 643 873 727 perpensis
889 641 998 707 facere
1012 666 1081 707 non
1097 665 1247 728 possum,
1273 645 1355 728 quin
1371 645 1420 708 hor

261 771 394 833 quoque
418 746 598 813 frustulum
623 771 700 813 oum
724 749 990 814 Wilamowitzio
1014 749 1056 813 ad
1081 753 1233 833 ὁμόνοιαν
1262 751 1421 831 reiciam)

262 854 359 932 Quod
382 877 462 918 vero
486 856 690 921 sententiam
716 855 824 940 ipsam
850 856 984 933 attinet,
1015 864 1054 920 ut
1077 878 1196 921 omnes
1227 858 1350 923 Graeci
1378 880 1422 921 ve

260 961 400 1025 teriores
418 961 550 1025 axioma
573 961 717 1027 habebat
740 962 920 1047 Antiphon
944 962 1146 1048 probatione
1168 986 1239 1028 non
1264 965 1422 1049 indigens,

259 1067 444 1131 iuvenem
461 1089 533 1132 esse
546 1068 804 1143 instituendum,
822 1078 860 1133 ut
875 1092 944 1133 non
957 1070 1161 1154 Protagorae
1171 1070 1424 1137 Antisthenisve

259 1175 294 1238 in
320 1174 468 1255 modum,
494 1197 559 1258 qua
581 1184 691 1239 aetate
718 1175 913 1259 incipienda
929 1188 1019 1241 esset
1042 1176 1226 1259 instituti0,
1252 1188 1424 1262 quaereret.

258 1282 377 1365 Neque
396 1303 518 1345 novam
535 1281 702 1345 rationem
720 1303 908 1366 propagare
922 1283 1069 1365 volebat,
1084 1283 1152 1365 sed,
1173 1293 1212 1348 ut
1228 1284 1425 1349 Graecorum

259 1388 421 1451 solemnis
447 1387 503 1450 illa
525 1386 751 1469 adhiberetur,
776 1389 980 1472 postulabat.
1032 1390 1077 1454 Et
1101 1390 1248 1474 plurima
1272 1391 1315 1455 ab
1340 1390 1425 1456 insti·

259 1494 391 1558 tutione
415 1507 589 1579 tamquam
613 1517 632 1557 a
655 1494 784 1558 semine
799 1494 949 1579 pendere
967 1497 1119 1580 putabat;
1144 1489 1229 1581 quae
1250 1519 1330 1561 oum
1347 1499 1425 1563 bona

258 1599 414 1681 fuissent,
448 1611 552 1684 κτῆμα
586 1600 657 1665 fore
692 1605 734 1671 εἰς
769 1605 823 1665 ἀεί.
869 1602 1078 1668 Abhorreret
1108 1612 1221 1668 autem
1252 1604 1295 1669 ab
1328 1605 1425 1690 ipsius

259 1708 383 1789 animo,
408 1708 437 1771 si
460 1707 610 1771 hominis
635 1707 784 1771 indolem
804 1709 944 1772 omnino
968 1710 1184 1794 neglexisset.
1232 1710 1347 1788 Quare
1369 1712 1425 1775 huc

259 1815 481 1898 relegaverim
504 1814 550 1898 ig.
576 1816 711 1899 't'Oj'llht
757 1819 960 1898 stupiditate·
989 1818 1031 1880 Ἃ.
1056 1820 1089 1880 ἐν
1111 1825 1157 1900 τῷ
1179 1821 1251 1900 περὶ
1276 1821 1423 1901 ὁμονοίας.

259 1924 382 2005 η’·ήνιος
397 1925 415 1985 ὁ
430 1931 532 2010 πρᾷος
547 1924 599 1984 nul
622 1924 748 2003 μέτριος
770 1925 824 1986 καὶ
846 1925 890 2005 μὴ
915 1926 1118 2006 ταραχώδης
1143 1927 1348 2007 ἡμεταφορά
1371 1925 1423 1988 ἀπὸ

258 2037 322 2093 τῶν
345 2033 457 2092 ἵππων.
502 2027 619 2112 Ipsum
637 2050 717 2092 vero
735 2029 946 2093 institutioni
970 2029 1139 2094 studuisse
1154 2029 1422 2115 Antiphontemb

259 2159 339 2200 cave
363 2134 488 2200 efficias
512 2159 530 2200 e
553 2134 737 2220 fragmenti
761 2136 872 2200 verbis
896 2137 976 2200 talia
999 2135 1088 2200 haud
1112 2136 1347 2220 probantibus.

348 2241 481 2306 Similia
504 2253 636 2327 spectat
660 2242 846 2306 secundum
871 2242 961 2326 quod
984 2243 1240 2328 relinquebatur
1262 2243 1421 2330 fragmen-

258 2356 345 2413 tum:
371 2349 491 2433 „Quali
511 2349 695 2412 maximam
712 2347 781 2411 diei
797 2358 925 2432 partem
944 2348 1067 2433 aliquis
1082 2350 1201 2432 utitur,
1226 2352 1313 2415 tales
1328 2350 1420 2436 ipsius

260 2477 369 2520 mores
391 2454 465 2518 fieri
489 2477 575 2538 opus
599 2455 680 2518 est.“
730 2454 828 2531 Quod
851 2476 929 2518 oum
952 2455 1111 2519 lemmate
1144 2478 1215 2520 non
1248 2457 1364 2522 addito
1392 2455 1420 2518 in

258 2563 376 2628 eodem
388 2562 429 2625 de
440 2561 622 2644 disciplina
633 2561 747 2645 capite
762 2562 1023 2646 subsequeretur
1033 2561 1078 2646 lg.
1087 2563 1212 2650 61s135
1222 2560 1420 2648 Antiphonti

257 2669 461 2734 nominatim
485 2668 660 2751 tributum,
692 2669 981 2749 Waclrsmuthius,
1014 2669 1068 2734 oui
1097 2691 1255 2734 assensus
1287 2679 1339 2735 est
1360 2667 1420 2732 Wi-

257 2775 491 2855 lamowitziuS,
533 2775 744 2860 Antiphonti
778 2775 1024 2859 assignandum
1067 2798 1139 2841 esse
1179 2773 1419 2856 existimabat)

257 2883 427 2947 Dielesius
451 2898 527 2966 post
544 2882 845 2946 Wilamowitzium
866 2881 1133 2967 fragmentorum
1158 2884 1290 2948 ordinis
1305 2880 1420 2968 recepit

257 2990 336 3053 sede
360 2990 402 3054 62
427 2989 533 3071 (deest
552 3011 605 3073 ap.
626 2989 697 3051 Blr.
744 2989 795 3052 Re
818 3011 900 3053 vera
922 3013 992 3054 non
1017 2991 1125 3054 solum
1150 2990 1304 3075 singulas
1322 3010 1419 3068 voees,

257 3109 295 3159 ut
319 3100 577 3178 οἴῳ-τοιοῦτος,
601 3123 653 3165 τις,
678 3099 799 3180 ἀνάγκη
826 3100 978 3178 γενέσθαι,
1003 3119 1080 3160 cum
1105 3097 1286 3180 similibUS,
1312 3097 1420 3162 iisdem

256 3201 302 3286 fg.
326 3204 370 3266 60
393 3200 535 3265 conferri
568 3203 660 3283 lieet3
695 3202 754 3265 sed
787 3204 890 3267 etiam
917 3226 992 3266 cum
1027 3203 1120 3267 illius
1153 3205 1342 3288 sententias
1369 3223 1421 3288 qua

258 3308 467 3373 educationis
485 3330 585 3391 quam
608 3309 753 3372 maxime
771 3309 933 3372 interesse
951 3309 1084 3392 dieitur,
1110 3332 1249 3394 prorsus
1276 3308 1421 3396 congruit

255 3416 367 3497 huius,
393 3437 458 3498 qua
481 3437 543 3477 usu
567 3415 745 3477 hominum
769 3436 880 3477 mores
910 3415 997 3500 fingi
1028 3415 1222 3481 affirmatur.
1269 3418 1420 3483 Eiusdem

256 3523 362 3605 igitur
386 3531 420 3586 et
443 3521 588 3585 auctoris
609 3532 642 3584 et
665 3521 744 3584 libri
769 3544 846 3585 oum
862 3531 1043 3607 utrumque
1060 3545 1133 3586 esse
1149 3532 1293 3608 constet,
1319 3534 1420 3589 tamen

257 3629 458 3691 aneiusdem
468 3627 1011 3712 quoquedisputationisdubium,
1026 3630 1301 3713 quandoquidem
1309 3641 1379 3696 tam
1387 3627 1419 3691 de

349 3777 363 3833 Ι)
383 3771 509 3823 Blassius
529 3770 655 3823 l'roiseto
675 3771 851 3823 assentiente
871 3776 899 3824 et
920 3772 974 3824 boe
993 3768 1184 3840 fragmentum
1204 3773 1234 3825 et
1253 3774 1286 3826 61
1303 3773 1340 3826 ad
1356 3767 1417 3826 Poli-

256 3860 343 3913 tit-um
362 3859 501 3912 referebat
522 3859 566 3922 (cl.
587 3860 658 3911 AB.
680 3860 689 3910 l
710 3861 768 3912 1153.
788 3860 823 3911 ΙΙΙ
843 3861 903 3926 aaa,
923 3862 988 3914 Aut.
1009 3860 1062 3914 or.²
1080 3861 1146 3914 adn.
1165 3861 1201 3914 ad
1221 3861 1261 3930 ig.
1283 3863 1351 3926 134).

345 3948 363 4012 ²>
383 3949 427 4001 lta
446 3947 681 4000 ll'ilamouitzius
701 3949 716 4002 Ι,
738 3949 767 4001 Ι.;
807 3948 883 4011 „Der
901 3949 978 4017 Weg
996 3952 1065 4003 uber
1090 3950 1135 4017 ist,
1165 3951 1221 4004 wie
1239 3967 1308 4005 vorn
1327 3949 1417 4006 Weis-

257 4038 468 4091 heitslelrrer
488 4054 522 4089 zu
542 4045 692 4100 eruentem
712 4038 756 4089 ‹lie
776 4038 961 4107 llr·zielmng.¹‘·
982 4039 1017 4092 ef.
1038 4039 1179 4107 Gomperz
1198 4039 1216 4092 l.
1235 4039 1253 4092 l.

346 4128 363 4189 ³)
384 4128 460 4179 Duos
480 4142 586 4187 versus
607 4142 676 4195 quos
696 4126 888 4180 Menandreos
909 4129 1050 4191 credebat,
1079 4127 1230 4181 constituit
1260 4123 1416 4198 Spengelius

266 4215 301 4267 cf.
321 4215 465 4268 Waohsm.
486 4216 530 4266 ud.
551 4215 585 4277 1.).
