3030 4672
576 234 793 297 „53-

82 435 164 492 erat
188 427 232 492 de
255 427 483 512 temperantia
506 425 562 511 (fg.
588 430 652 510 68),
676 426 794 492 haberi
822 426 910 491 hanc
932 427 1096 490 virtutem
1126 424 1273 490 maxime

82 535 257 599 interesse
281 533 461 618 Antiphon
486 533 616 598 dixerat
639 537 718 616 (-);
751 555 830 597 nam
854 555 932 597 oum
956 555 994 596 ea
1022 533 1272 618 neglegeretur,

82 645 248 724 ἀναρχίαν
273 662 345 705 esse
369 640 541 705 orituram.
587 640 662 704 Hoc
685 648 796 704 autem
822 639 1019 703 maximum
1034 661 1106 703 esse
1130 641 1273 722 malum;

82 770 197 832 quare
233 746 363 831 priores
398 747 524 811 liberos
556 746 647 810 iussa
678 744 787 811 iacere
812 743 1072 810 assuefecissent
1094 747 1170 828 (61).
1217 745 1274 808 In-

82 854 208 919 dolem
237 875 329 936 vero,
366 875 431 936 qua
465 853 550 917 alter
583 853 687 916 altero
718 851 851 917 facilius
879 852 953 936 regi
983 861 1108 936 posset,
1140 851 1274 916 dedisse

82 961 195 1024 deum
237 961 314 1042 (70).
374 959 546 1036 Quantum
574 966 700 1024 'tamen
744 981 850 1043 penes
893 959 1062 1041 homineS,
1107 959 1148 1022 ab
1194 958 1274 1022 edu-

82 1067 241 1147 catione,
268 1088 333 1149 qua
348 1065 447 1129 liberi
463 1064 659 1147 frueremur,
684 1065 869 1150 plurimum
886 1064 1034 1150 pendere
1051 1066 1126 1148 (60).
1153 1065 1273 1149 Neque

82 1173 191 1258 parvi
216 1170 389 1237 iaciendos
414 1194 486 1236 esse
518 1172 657 1254 amicos,
687 1172 848 1256 quoniam
882 1172 1036 1255 qualium
1069 1171 1273 1236 commercio

82 1289 277 1357 uteremur,
310 1279 394 1343 tales
418 1279 511 1362 ipsos
534 1300 598 1342 nos
621 1279 695 1342 fieri
718 1300 856 1342 necesse
886 1287 975 1343 esset
998 1278 1072 1360 (62).
1119 1278 1273 1343 Artiores

82 1399 208 1450 autem
233 1407 306 1450 esse
330 1385 430 1449 novis
454 1385 613 1449 amicitiis
628 1393 760 1449 veteres
778 1386 834 1468 (64
846 1384 889 1473 -(-
902 1384 986 1465 639).
1033 1384 1100 1449 Sed
1118 1384 1272 1465 existere,

82 1493 149 1578 qui
174 1513 275 1556 veros
300 1514 335 1555 se
358 1491 482 1556 habere
507 1492 632 1556 amicos
656 1492 853 1574 (veteriores
878 1514 958 1555 sane
982 1491 1071 1573 illos)
1101 1514 1172 1555 non
1196 1513 1274 1576 cog·

82 1608 275 1663 noscerent
299 1581 443 1682 cumque
466 1596 560 1662 falsis
583 1613 651 1662 una
674 1599 832 1664 viverent
855 1600 929 1681 (66).

182 1704 452 1788 Progrediantur
484 1727 524 1768 ea
556 1705 630 1768 sine
654 1704 757 1769 dubio
790 1727 860 1769 non
894 1705 1003 1768 solum
1038 1704 1177 1788 optime,
1215 1703 1274 1768 sed

82 1813 198 1877 etiam
223 1811 351 1892 eadem,
377 1833 477 1894 quarn
500 1811 668 1894 novimus,
694 1812 834 1890 ratione,
858 1820 991 1875 utnon
1015 1812 1068 1892 sit,
1094 1834 1153 1874 our
1176 1812 1274 1896 plura

84 1918 262 1983 excidisse
297 1926 493 1982 statuamus
541 1918 630 1995 Quin
659 1917 699 1981 ad
729 1917 880 1982 ineuntis
904 1918 984 1981 libri
1008 1918 1274 2003 appellationem

82 2025 223 2090 redisse
246 2025 440 2109 putaverim
464 2032 647 2089 auctorem·
692 2024 781 2089 Nam
814 2023 916 2109 quid?
947 2046 1063 2091 nonne
1087 2025 1273 2090 enuntiatis

82 2133 146 2196 his
172 2132 215 2195 de
239 2131 399 2213 amicitia,
423 2139 462 2195 ut
485 2130 657 2194 sodalibus
680 2131 862 2195 iuvenibus
879 2131 1046 2215 neglectis
1062 2131 1189 2196 seniori
1208 2133 1274 2197 sibi

82 2239 182 2302 fidus
208 2245 368 2318 maneret,
393 2237 553 2300 iuvenem
577 2237 673 2300 illurn
698 2237 959 2301 adhortabatur?
983 2237 1153 2322 Equidem
1169 2238 1273 2302 finem

83 2368 230 2431 quoque
254 2345 361 2408 libelli
395 2352 511 2408 tenere
535 2364 597 2407 nos
630 2344 788 2425 arbitror3
822 2345 1021 2428 praesertim
1054 2366 1131 2408 oum
1163 2367 1272 2428 neque

85 2452 326 2517 desideremus
351 2451 530 2534 quicquam
554 2473 674 2534 neque,
701 2473 785 2534 quae
809 2452 923 2514 locum
939 2451 1030 2515 huno
1050 2451 1271 2534 obtinuerint,

84 2559 289 2642 fragmenta
313 2557 496 2621 habeamus
520 2557 594 2620 alia.

183 2719 305 2802 Neque
340 2718 432 2780 enirn
468 2717 706 2801 relinquuntur
741 2717 974 2801 examinanda,
1014 2718 1082 2782 nisi
1117 2719 1182 2783 tria
1216 2719 1272 2781 vel
1299 2717 1514 2788 fga-45-47=

86 2826 197 2890 unius
221 2825 287 2888 tria
309 2823 460 2888 frustula.
1332 2809 1479 2865 llss‘nss'

184 2932 310 2996 Insunt
333 2931 425 2995 enim
449 2931 484 2993 in
509 2930 788 3014 Harpocrationis
812 2931 920 2995 lexico
945 2931 1040 2996 haec:

88 3040 244 3122 (45l117)
268 3040 460 3108 Σκιάποόες·
481 3040 523 3100 Ἃ.
541 3040 574 3101 έν
589 3045 633 3118 τῷ
648 3039 719 3118 περὶ
735 3039 892 3119 ὁμονοίας.
918 3041 1012 3108 ἔθνος
1028 3041 1106 3102 ἐστὶν
1120 3040 1271 3122 Λιβυκόν.

91 3145 245 3231 (46)116)
269 3145 535 3227 Μακροκέφαλοι·
565 3145 607 3218 Ἀ.
632 3146 664 3206 ἒν
687 3151 732 3225 τῷ
755 3169 786 3206 π.
812 3146 838 3206 ὁ.
864 3147 958 3215 ἔθνος
988 3147 1066 3208 ἐστὶν
1090 3148 1191 3215 οὕτως
1214 3171 1272 3208 κα-

269 3253 431 3333 λούμενον.

93 3358 245 3443 (47)118)
269 3359 333 3421 ὑπὸ
357 3367 414 3440 γῆν
438 3360 595 3426 οἰκοῦντες
620 3359 714 3438 (λέγοι
739 3360 778 3420 ἄν
800 3359 873 3427 τοὺς
896 3345 958 3420 bat
981 3359 1151 3427 Σκύλακος
1173 3360 1206 3420 ἓν
1229 3366 1274 3439 τῷ

269 3466 410 3546 περίπλῳ
433 3466 621 3545 λεγομένους
648 3464 875 3545 Τρωγλοδύτας
903 3466 956 3527 καὶ
983 3466 1055 3533 τοὺς
1083 3466 1147 3526 ὑπὸ
1167 3464 1273 3526 Ἡσιό-

271 3570 329 3631 δου
354 3571 386 3631 ἕν
410 3571 435 3650 γ’
460 3571 637 3650 καταλόγου
672 3571 890 3640 Κατουὸαίους
914 3573 1198 3653 ὀνομαζομένους)
1231 3573 1273 3633 Ἄ.

238 3664 241 3668 ⁴
270 3677 303 3738 ἓν
326 3683 371 3756 τῷ
394 3701 425 3738 π.
451 3678 477 3738 ὁ.

186 3781 298 3846 Unius
316 3780 559 3865 disputationis
572 3782 655 3846 haec
672 3805 744 3846 esse
759 3785 875 3847 elucet.
900 3782 967 3846 Sed
980 3783 1061 3866 quid
1075 3783 1140 3847 sibi
1154 3785 1276 3848 volunt

95 3890 132 3952 in
157 3887 269 3952 nostri
287 3887 396 3951 libelli
416 3898 616 3972 argumento
644 3898 764 3973 gentes
784 3890 846 3953 hae
875 3912 965 3975 ,non
994 3905 1160 3961 extremas
1184 3892 1274 3955 orbis

95 4017 172 4060 oras
182 3995 383 4076 incolentes,
393 3994 452 4058 sed
461 3995 496 4057 in
506 3993 631 4060 fabulis
642 4004 775 4060 tanturn
787 3995 1116 4080 mythographorum
1125 3998 1181 4062 vel
1189 3998 1275 4061 anti-

95 4101 340 4187 quissimorum
351 4101 494 4164 somniis
504 4102 778 4186 geographorum
791 4101 886 4166 sedes
896 4104 1052 4167 tuentes“
1065 4104 1213 4189 (Sauppe
1223 4106 1243 4168 l.
1254 4106 1274 4168 l.

94 4232 128 4294 p.
151 4207 225 4290 14)?
271 4207 448 4292 Exemplis
471 4206 613 4273 fortasse
637 4208 686 4272 ita
710 4209 779 4272 illis
802 4208 1054 4293 Antiphontem
1078 4233 1178 4274 usum
1203 4233 1275 4275 esse
