3030 4672
581 239 803 302 -33..

99 436 197 522 nysii
219 434 412 499 Atticarum
435 454 558 498 vocum
582 434 691 497 lexico
715 434 819 498 hocce
843 432 944 498 modo
964 432 1106 498 infuisse
1130 442 1277 499 constat:

99 544 336 607 θεαιδέοτατον
370 543 450 605 θεοῦ
485 543 572 605 ἰδέαν
606 545 688 624 ἕχον.
722 544 788 605 εἶπε
824 543 858 604 δὲ
888 544 1042 623 Ἀντιφῶν
1072 545 1105 605 ἒν
1134 550 1179 624 τῷ
1208 544 1279 623 περὶ

100 652 256 733 ὁμονοίας
278 651 392 719 οὕτως·
424 650 606 729 ἄνθρωπος,
631 651 666 718 ὅς
685 674 702 731 α
713 674 761 730 pot
777 651 905 711 πάντων
920 650 1045 731 ’θηρίων
1063 650 1280 720 δεαιδέοτατος

101 758 259 839 γενέσθαι.
303 754 411 818 Recte
434 753 471 816 in
496 753 650 837 eoquod
675 763 726 818 est
751 756 968 825 δεαιδέστατος
998 753 1143 819 offendit
1173 753 1280 839 Saup-

100 862 191 947 pius,
217 883 304 944 cum,
329 881 534 947 quamquam
559 859 626 924 dici
650 861 698 925 ita
721 883 820 945 posse
844 862 1000 946 exempla
1022 884 1042 925 a
1062 862 1104 930 R.
1127 862 1278 926 Persono

102 968 149 1032 ad
187 968 266 1032 Eur.
299 967 426 1032 Phoen.
457 989 488 1031 v.
522 968 610 1033 1730
639 968 784 1031 collecta
816 967 1042 1049 ostenderent,
1083 967 1280 1052 Antiphon-

100 1084 174 1140 tem
198 1082 313 1139 tamen
335 1076 557 1138 δεοιδέστατον
580 1073 756 1157 scripsisse
779 1074 904 1138 lemma
925 1077 1143 1139 δεαιδέστατον
1166 1056 1201 1139 et
1224 1097 1280 1138 ex-

100 1181 245 1267 plicatio
280 1185 353 1265 ἔχον
388 1180 571 1265 aperirent;
607 1201 685 1242 nam
717 1180 760 1242 ad
790 1180 881 1245 hune
911 1181 1024 1265 ipsum
1051 1181 1279 1266 Antiphontis

100 1290 217 1353 locum
241 1286 511 1353 observationem
539 1287 595 1351 vel
622 1286 808 1351 Pausaniae
833 1289 888 1351 vel
912 1288 1074 1373 Dionysii
1098 1291 1127 1369 (ὁ
1152 1292 1279 1371 γράψας

101 1399 137 1461 ἑν
160 1403 322 1479 στοιχιακῇ
344 1398 426 1469 τάξει
449 1396 565 1468 λέξεων
589 1393 679 1477 apud
704 1393 869 1473 Eustoth.)
893 1394 1099 1478 pertinuisse
1123 1401 1279 1479 apertum

101 1510 165 1567 est
205 1501 273 1566 Sed
290 1500 366 1566 leve
390 1501 464 1583 hoc,
489 1522 601 1587 neque
626 1500 660 1563 in
685 1522 822 1564 sensum
847 1501 1027 1586 quicquam
1051 1499 1162 1566 refert.
1198 1502 1280 1566 Gra-

99 1609 182 1674 vius
204 1606 405 1695 putandum,
442 1608 530 1691 quod
561 1630 629 1672 vox
662 1609 800 1690 δεαιδής,
832 1607 1021 1692 composita
1052 1607 1109 1670 illa
1138 1606 1280 1672 vocibus

100 1718 181 1786 θεός
204 1722 239 1779 et
261 1717 416 1798 αἰδέομαι,
442 1735 511 1778 non
537 1723 650 1798 potest
673 1714 866 1799 significare
890 1715 957 1778 nisi
982 1737 1069 1797 eum,
1096 1715 1154 1799 qui
1178 1715 1279 1779 deum

98 1828 249 1903 veretur,
274 1842 352 1885 eum
375 1830 488 1885 autern
507 1830 547 1885 ut
565 1820 741 1885 denotaret
764 1826 799 1891 ὃς
822 1824 901 1884 θεοῦ
925 1824 1012 1884 ἰδέαν
1035 1825 1107 1904 ἔχει,
1133 1821 1281 1885 scriben-

101 1927 187 1993 dum
203 1934 292 1992 esset
307 1927 363 1991 vel
388 1930 510 2010 θεειδής
535 1930 623 2009 (δούς
639 1926 682 2015 -Ι-
698 1931 792 2007 sirloc)
810 1929 866 1991 vel
881 1928 1055 2011 'droudrie'l
1101 1926 1157 1990 Ad
1180 1928 1280 1992 libra·

99 2036 233 2100 riorum
267 2055 413 2098 errorem
448 2031 617 2117 refugium
653 2056 722 2097 non
758 2051 819 2118 est,
859 2057 935 2099 eum
972 2034 1087 2098 omnia
1119 2034 1280 2120 Dionysii

99 2140 335 2207 Pausaniaeve
370 2148 528 2224 excerpta
552 2140 641 2204 idem
671 2141 860 2225 praebeant
890 2168 961 2206 -αι-.
1013 2141 1107 2205 inter
1138 2163 1173 2204 se
1204 2163 1280 2205 crim

99 2255 300 2334 repugnent
316 2246 422 2332 igitur
438 2247 562 2310 lemma
585 2270 604 2310 a
627 2247 877 2332 lexicographis
894 2248 1055 2312 traditum
1073 2256 1107 2312 et
1127 2248 1279 2332 ipsorum

99 2354 295 2441 explicatiO,
321 2352 412 2440 quod
426 2353 643 2417 Eustathium
669 2354 736 2417 iam
762 2355 907 2418 sensisse
925 2355 1028 2418 verba
1051 2356 1124 2419 eius
1141 2355 1281 2419 demon-

97 2471 208 2528 strare
241 2468 337 2546 puto,
372 2482 482 2547 neque
510 2460 763 2544 Antiphontem
794 2461 907 2544 ipsum
938 2463 1085 2546 glossam
1116 2471 1278 2543 veterem,

96 2567 303 2655 praesertim
328 2589 412 2653 quae
435 2589 506 2631 non
534 2567 729 2632 inveniatur
758 2567 849 2651 apud
872 2567 1070 2652 Homerum,
1102 2589 1280 2655 perperam

96 2676 174 2740 iam
214 2673 410 2738 adhibuisse
450 2673 637 2738 verisimile
679 2674 741 2749 sit,
783 2683 897 2738 utrum
939 2673 1021 2738 false
1063 2675 1281 2760 descripserit

98 2804 223 2849 vocem
253 2779 501 2866 explicandam,
533 2803 575 2844 an
605 2789 695 2845 recte
720 2781 924 2865 descriptam
948 2780 1033 2845 false
1058 2782 1281 2865 explicaverit

96 2896 202 2955 vetus
236 2888 415 2973 interpres,
452 2888 605 2973 quaestio
641 2888 748 2952 oritur
776 2887 985 2953 difficillima.
1034 2888 1107 2965 Quo
1142 2887 1176 2950 in
1214 2887 1281 2952 dis-

98 2994 245 3062 crimine
280 2994 527 3061 sententiarum
566 2995 719 3059 lenrmati
754 2996 830 3078 plus
865 2995 945 3059 fidei
978 2994 1171 3059 habendum
1208 3017 1280 3058 esse

98 3100 313 3168 existimavit
357 3101 597 3166 Duemmlerus
639 3102 715 3181 (Ak.
753 3104 856 3183 ΒΘΑ),
900 3103 954 3166 cui
1001 3102 1183 3166 assentitus
1230 3110 1281 3166 est

96 3208 236 3276 Joelius
258 3206 414 3291 (11650).
459 3208 579 3293 Neque
612 3209 823 3293 argumentis
856 3208 938 3272 haec
972 3209 1089 3291 opinio
1122 3208 1280 3292 redargui

97 3323 229 3402 potest;
270 3314 377 3379 immo
414 3336 562 3379 errorem
594 3323 676 3380 tunc
717 3314 877 3379 facillime
920 3324 1031 3379 ortum
1074 3336 1146 3378 esse
1188 3313 1280 3377 dicas

98 3445 144 3487 ex
179 3443 229 3505 eo,
265 3420 366 3507 quod,
409 3443 488 3485 cum
522 3421 564 3485 de
600 3421 654 3486 dei
689 3422 915 3487 similitudine
951 3430 985 3486 ct
1019 3422 1061 3486 ‹le
1097 3421 1153 3485 dei
1187 3443 1281 3484 vere·

97 3528 227 3595 cundia
240 3535 359 3613 ageret
373 3536 491 3593 auctor
505 3528 563 3612 ita,
588 3538 628 3592 ut
646 3530 789 3594 alteram
806 3530 944 3594 alterius
962 3551 1095 3593 causam
1113 3526 1279 3609 diceret,‘³)

97 3634 363 3721 lexicographus
391 3635 535 3698 alteram
563 3657 638 3698 cum
673 3637 778 3701 altera
809 3634 1006 3699 confuderit.
1053 3635 1120 3699 Sed
1144 3634 1279 3714 iniuria,

98 3742 235 3827 opinor,
268 3741 324 3807 vir
357 3740 563 3806 venerabilis
595 3741 801 3826 Protagorae
835 3743 1040 3805 sententiam
1079 3743 1114 3804 in
1149 3741 1280 3824 dialogi

194 3922 212 3984 ¹)
229 3918 337 3986 Quodsi
356 3918 411 3972 hoc
430 3918 517 3974 etiam
537 3919 573 3972 ad
603 3918 737 3984 deo-‹lllie
758 3919 782 3979 (i.
799 3936 822 3970 c.
839 3919 920 3971 deum
940 3924 1048 3981 verens)
1069 3918 1159 3970 redire
1173 3922 1280 3988 petest,

95 4008 263 4065 sententiae
281 4007 400 4063 nostrae
419 4023 477 4062 non
496 4009 589 4062 obest.

190 4139 217 4195 ²),
229 4134 261 4189 Ε.
279 4150 307 4204 g.
324 4133 391 4187 θεοῦ
410 4130 479 4190 εἶδος
496 4131 605 4198 μάλιστα
625 4131 676 4198 ἕχει
697 4132 775 4198 (ἔχειν
794 4130 884 4198 φησίν)
905 4131 1055 4196 ἄνθρωπος,
1074 4132 1103 4187 ὅς
1123 4151 1186 4197 φησι
1208 4133 1280 4182 darri-

95 4223 222 4281 δέστατος
233 4261 239 4274 .
250 4262 257 4274 .
268 4261 274 4274 .
286 4261 292 4273 .
310 4218 384 4275 εἶναι.

1247 4347 1262 4373 “t
