3030 4672
835 221 966 284 68-

360 414 532 492 Quantum
555 413 662 498 igitur
685 413 727 477 ad
750 413 857 477 libelli
882 423 1027 499 ternpus,
1052 436 1121 478 non
1147 424 1207 497 est,
1233 437 1292 479 cur
1316 423 1446 480 ceteras

270 543 403 605 quoque
426 519 556 585 fabulas
577 520 781 604 Euripideas
804 530 1065 604 perscrutemur3
1094 529 1129 586 at
1152 530 1266 586 tamen
1291 544 1379 606 opus
1404 523 1446 585 si-

270 629 340 691 mul
374 628 549 712 inceptum
584 626 625 690 ad
660 626 763 691 finem
787 627 1020 712 perducamus,
1053 650 1119 711 quo
1155 650 1257 713 opere
1292 638 1338 708 et,
1364 629 1447 714 quid

271 735 306 798 in
338 735 537 799 universum
569 733 658 818 apud
691 741 838 818 poetam,
875 733 930 798 cui
962 744 1082 798 notum
1115 757 1192 799 eum
1224 733 1330 799 fuisse
1354 759 1447 800 nunc

270 851 411 925 constat,
445 841 553 906 libelli
575 844 646 924 περὶ
669 845 819 924 ὁμονοίας
851 850 966 906 auctor
999 841 1154 925 valuerit,
1189 850 1378 907 statuamus
1413 852 1448 907 et

270 949 371 1013 huius
394 948 717 1013 commentationem
742 970 784 1011 ex
801 947 959 1032 vestigiis
978 948 1015 1010 in
1034 947 1127 1012 illius
1146 948 1282 1033 scriptis
1306 950 1446 1014 obviam

268 1053 375 1137 lactis,
393 1055 421 1119 si
437 1062 559 1139 potest,
577 1054 804 1138 suppleamur.
827 1054 1012 1138 Pergamus
1029 1054 1135 1139 igitur
1158 1055 1194 1118 in
1220 1054 1345 1120 fabulis
1370 1079 1448 1120 exa-

270 1161 449 1226 minandis.

360 1286 454 1364 Quae
465 1308 546 1350 vero
558 1308 626 1349 una
639 1308 715 1349 cum
728 1285 848 1349 Medea
860 1285 1048 1370 agebantur
1060 1284 1202 1369 fabulae,
1214 1286 1349 1372 Dictys²
1365 1287 1447 1350 Phi-

269 1394 403 1475 locteta,
427 1392 639 1474 Theristae,¹)
663 1391 803 1455 omnino
834 1391 884 1453 nil
908 1391 1136 1475 suppeditant.
1182 1392 1446 1457 Andromachae

268 1510 381 1564 autem
407 1522 470 1563 vv.
501 1500 566 1563 636
601 1521 672 1582 sqq.
708 1498 894 1582 comparari
928 1506 1071 1582 possunt
1105 1520 1181 1562 cum
1216 1499 1445 1583 Antiphontis

268 1604 313 1690 fg.
337 1608 390 1679 60,
424 1628 478 1669 vv.
501 1606 677 1671 818—819
710 1627 788 1669 cum
820 1606 873 1687 64,
909 1604 1140 1689 Cresphontae
1170 1603 1218 1689 fg.
1242 1604 1348 1687 4495)
1381 1629 1445 1670 nec

268 1734 339 1776 non
362 1711 618 1776 Heraclidamm
641 1735 696 1776 vv.
720 1713 785 1776 593
805 1732 875 1794 sqq.
899 1710 949 1793 (cl.
966 1712 1090 1792 118611)
1114 1733 1191 1776 cum
1213 1710 1283 1796 fgg.
1300 1714 1346 1777 50
1361 1735 1443 1796 sqq..

269 1819 419 1883 eiusdem
451 1817 583 1884 fabulae
615 1819 871 1885 1111707-708
902 1840 979 1882 cum
1002 1817 1230 1902 Antiphontis
1263 1819 1445 1885 enuntiato

269 1929 447 1990 ἀναθέσθαι
468 1927 522 1990 τὸν
544 1929 614 2009 βίον
637 1928 696 1989 οὒκ
719 1929 799 1988 ἔστιν
814 1922 870 2008 (lg.
886 1926 953 2006 52);
978 1924 1036 1988 sed
1053 1925 1234 1989 incertiora
1249 1925 1335 1989 haec
1350 1936 1445 2010 pute.

356 2051 404 2115 At
425 2050 661 2134 Antiphontea
684 2071 788 2133 eaque
813 2070 889 2113 cum
913 2048 1053 2112 Medeae
1076 2071 1130 2113 vv.
1151 2051 1238 2116 1098
1261 2072 1333 2134 sqq.
1358 2051 1444 2115 mire

268 2157 497 2242 conspirantia
530 2154 659 2240 profert
681 2157 774 2220 locus
798 2155 865 2236 ille,
900 2178 1000 2240 quem
1034 2155 1107 2219 sine
1139 2155 1272 2220 fabulae
1300 2158 1445 2221 nomine

267 2287 286 2328 a
310 2264 485 2328 Clemente
509 2261 742 2327 Alexandrino
765 2263 939 2326 laudatum
962 2262 1162 2327 Welclrerus
1187 2286 1204 2326 e
1229 2263 1445 2348 Cresphonte

268 2372 413 2455 petitum
437 2393 510 2435 esse
534 2369 680 2434 coniecit

268 2495 323 2580 (fg.
347 2498 437 2577 908):
483 2492 520 2561 111
542 2523 563 2578 Ι11
571 2491 587 2582 r}
610 2493 763 2579 γενέσθαι
787 2500 933 2580 νρεῖσσαν
956 2490 976 2583 ἢ
999 2499 1096 2582 φῦναι
1120 2489 1263 2579 βροτούς.

480 2601 597 2667 thaeco
623 2603 751 2679 παῖδας
773 2597 829 2666 civ
853 2607 990 2686 πικραῖς
1013 2591 1170 2690 ἀλγηδόσι

479 2707 593 2773 111116
618 2713 755 2774 τεκοῦσα
779 2710 807 2773 ‹l'
826 2703 865 2797 ἢν
887 2708 948 2791 μὲν
971 2697 1116 2794 ἄφρονας
1138 2709 1232 2786 τίκα),

479 2816 581 2880 στένω
605 2814 766 2898 ματαίως,
792 2813 952 2900 εἰσορῶσα
976 2815 1035 2897 μὲν
1058 2808 1186 2893 κακούς,

478 2917 633 3010 χρηστοῖς
656 2923 684 2986 d'
708 2911 882 2986 dnotlto'·
908 2916 946 3009 ἢν
970 2921 1006 2985 δὲ
1029 2921 1084 2985 καὶ
1109 2921 1339 3008 σεσῳσμένους,

477 3023 567 3117 ariaco
592 3021 748 3093 τάλαιναν
771 3026 906 3112 καρδίαν
930 3018 1081 3114 ὀρρωδίᾳ.

480 3238 585 3330 ψυχὴν
609 3232 716 3307 ellan»
739 3232 827 3306 161111
851 3243 918 3329 1,1”,11’
942 3239 1023 3324 ἔχειν
1048 3237 1185 3322 novom,-

184 3445 187 3448 .
265 3367 325 3431 ubi
349 3366 459 3429 denuo
484 3366 525 3429 de
549 3367 691 3430 muliere
715 3366 771 3449 agi
794 3366 880 3429 bene
904 3366 1063 3430 observes
1081 3373 1252 3449 tamquam
1271 3365 1312 3429 de
1329 3389 1365 3429 16
1381 3366 1443 3431 illa

266 3474 354 3557 apud
377 3471 629 3556 Antiphontem
653 3472 777 3555 habita,
809 3495 919 3556 neque
943 3472 985 3536 de
1013 3494 1063 3550 66,
1088 3471 1178 3556 quod
1202 3480 1253 3536 est
1276 3481 1373 3556 σῶμα
1397 3477 1439 3554 ἕν,

266 3579 325 3643 sed
350 3583 434 3664 ψυχὴ
459 3583 525 3663 μία.

356 3704 529 3788 Adiungas
559 3703 706 3767 libenter
728 3704 910 3788 Hippolyti
945 3703 1105 3785 coronati,
1135 3725 1235 3787 quem
1259 3725 1349 3768 anno
1374 3704 1441 3769 428

266 3810 301 3871 111
327 3832 479 3874 scaenam
504 3811 640 3875 venisse
665 3818 805 3893 constat,

358 4011 373 4069 ¹)
393 4006 501 4061 Fabula
516 4007 587 4060 haec
607 4007 731 4076 satyrica
745 4006 1001 4060 Alexandrinorum
1020 4011 1119 4060 aetate
1137 4007 1193 4060 iarn
1213 4023 1269 4060 11611
1285 4007 1437 4062 existebat.

355 4111 373 4175 ἵ)
392 4112 436 4164 Ad
454 4113 632 4167 Herodotum
651 4114 725 4167 forte
744 4113 864 4167 redeunt
882 4129 990 4167 versus.
1011 4113 1046 4166 cf.
1061 4113 1167 4167 Nestlei
1185 4130 1212 4182 p.
1227 4115 1280 4166 212
1300 4132 1364 4168 curn
1381 4114 1437 4168 Wi-

264 4200 417 4255 lamowitzi
437 4200 517 4254 Her.¹
536 4203 546 4254 1
565 4203 608 4266 31,
628 4203 662 4255 56
682 4204 711 4255 et
728 4202 897 4255 Duemmleri
915 4203 958 4255 Kl.
978 4202 1056 4256 Schr.
1075 4201 1089 4254 I
1108 4202 1168 4267 212,
1189 4203 1212 4255 1.
