3030 4672
636 223 857 286 „55-

155 416 398 480 Duemmlerus
415 425 449 481 et
463 415 750 481 Wilamowitzius
766 416 809 480 ad
825 417 1031 481 sententiam
1056 438 1152 481 suam
1170 418 1333 483 deductus

156 530 216 586 est.
243 521 350 598 Quem
361 544 442 586 vero
458 530 528 586 tam
545 523 725 608 ambiguae
740 524 1034 607 interpretationis
1048 545 1120 609 esse
1130 524 1332 609 videbimus,

154 637 194 693 ut
213 628 372 713 equidem
396 652 440 693 ne
458 629 560 693 unius
579 629 717 714 quidem
737 628 922 714 fragmenti
947 630 1208 714 explicationem
1228 632 1269 697 ab
1293 654 1332 696 eo

153 736 306 820 pendere
318 736 432 800 velim.
464 737 574 800 Immo
591 734 783 821 fragmento
798 737 857 801 illo
876 737 921 801 48
937 736 1099 801 advocato
1119 737 1169 803 ita
1184 737 1334 823 disputa·

154 842 288 906 tionem
300 842 493 907 institutam
506 841 610 907 fuisse
623 843 826 927 putaverim,
846 851 883 908 ut
896 842 1078 929 Antiphon
1091 845 1197 908 vitam
1216 844 1333 910 huma·

147 971 235 1012 *narn
253 949 490 1033 perstringens
513 971 632 1021 omnes
655 950 823 1029 homines
849 950 907 1034 qui
924 950 979 1014 dei
1000 951 1194 1015 simillimos
1210 973 1245 1016 se
1261 975 1334 1017 esse

154 1055 384 1140 perhiberent,
403 1056 592 1120 miserrime
608 1056 725 1120 vivere
741 1056 928 1138 dedoceret,
954 1068 988 1121 et
1005 1057 1063 1140 qui
1079 1067 1333 1123 monstruosum

153 1162 320 1226 haberent
354 1184 476 1246 corpus
510 1163 639 1246 subque
672 1172 761 1227 terra
783 1164 889 1227 vitam
924 1163 1087 1248 degerent
1119 1173 1153 1228 et
1185 1166 1333 1248 reliquos

153 1268 362 1333 Graecorum
379 1268 644 1333 barbarorumve
659 1269 728 1334 ritu
745 1278 779 1334 et
794 1267 956 1334 formatos
972 1278 1007 1333 et
1021 1270 1187 1335 viventes

248 1374 357 1452 Quid?
382 1396 496 1438 nonne
512 1375 562 1440 ita
578 1373 648 1439 iere
664 1375 854 1460 supplenda
870 1385 958 1457 sunt,
977 1398 1062 1460 quae
1078 1399 1180 1461 supra
1197 1400 1332 1442 revoca·
1359 1394 1515 1464 Complexi

152 1482 269 1546 vimus
282 1485 325 1566 (p.
338 1485 407 1561 3ol:
433 1481 552 1546 Omnis
569 1483 640 1546 vita
655 1481 845 1545 miserrima
864 1492 915 1546 est
929 1485 1008 1565 (51);
1030 1483 1217 1548 miserrime
1232 1485 1330 1568 vivit,

154 1589 214 1672 qui
239 1588 294 1652 dei
318 1610 353 1652 se
378 1588 590 1652 simillimum
612 1610 684 1652 esse
704 1589 870 1672 gloriatur
892 1590 994 1653 homo
1015 1591 1089 1670 (48).
1135 1589 1220 1655 Nam
1242 1600 1331 1674 sunt,

154 1695 214 1780 qui
239 1703 491 1760 monstruosum
515 1711 682 1780 turpeque
705 1696 836 1760 habent
859 1718 991 1780 corpus,
1017 1704 1105 1777 sunt,
1132 1698 1254 1782 quibus
1271 1699 1332 1763 sub

153 1812 245 1866 terra
255 1801 327 1866 vita
335 1801 490 1885 degenda
503 1803 724 1884 estet-47).
749 1801 815 1866 Sed
828 1802 1044 1867 condiciones
1057 1826 1222 1887 ponamus
1232 1827 1333 1890 quam

154 1909 314 1994 optimae,
339 1908 465 1988 misera
484 1919 598 1972 tamen
623 1908 697 1972 vita
721 1920 773 1972 est
796 1911 860 1990 (50,
872 1911 935 1999 468;
955 1912 1007 1991 69,
1021 1911 1075 1991 49,
1090 1914 1142 1992 71,
1156 1914 1228 1992 (iia,
1242 1913 1332 1996 ddisti

154 2014 434 2098 miserioremque
458 2015 524 2078 sibi
555 2015 621 2100 ipsi
645 2015 792 2079 stultitia
820 2015 1155 2102 intemperantiaque
1186 2018 1333 2083 reddunt

155 2122 316 2186 mortales
340 2127 531 2205 (praecepta
555 2144 639 2205 quae
663 2121 871 2198 nominavit?

244 2352 337 2434 Haec
361 2361 441 2416 sunt
468 2350 667 2436 fragmenta,
703 2376 787 2436 quae
819 2353 906 2418 libro
938 2357 1009 2437 περὶ
1032 2357 1182 2438 ὁμονοίας
1215 2356 1329 2420 danda
1358 2357 1502 2416 Conclusio

154 2481 227 2522 esse
257 2444 342 2521 mihi
374 2458 560 2543 persuasi.‘·')
606 2460 635 2523 E
666 2460 798 2544 quibus,
824 2482 897 2524 oum
933 2461 1062 2544 optime
1086 2463 1328 2547 conspirarent,
1356 2446 1514 2508 “futatim

155 2564 323 2649 gradatim
338 2573 449 2630 totum
464 2564 533 2629 iere
558 2565 711 2629 libellum
728 2567 763 2629 in
781 2567 952 2651 integrum
969 2570 1210 2634 revocavimus
1248 2571 1330 2636 Erat
1376 2539 1438 2594 libri
1457 2541 1508 2596 mu

154 2672 262 2756 igitur
294 2671 437 2735 circuitu
470 2671 559 2735 haud
592 2672 641 2736 ita
673 2695 808 2757 magno,
842 2674 1004 2738 nimirum
1038 2697 1115 2740 cum
1147 2698 1216 2740 non
1250 2699 1331 2739 enu-

154 2789 317 2843 merasset
335 2786 452 2843 auctor
474 2779 559 2843 serie
577 2779 720 2863 quadam
740 2781 986 2845 sententiarum
1008 2783 1137 2867 optime
1157 2804 1229 2846 sese
1243 2783 1330 2846 exci-

155 2885 333 2969 pientium,
349 2907 434 2969 quae
446 2885 668 2950 minutiarum
682 2886 849 2951 laboriosa
857 2889 1103 2974 compositione
1121 2889 1328 2970 contulisset,

155 2992 223 3074 sed,
249 3013 354 3075 quam
377 2992 522 3056 intuitus
540 2993 634 3076 quasi
652 3001 765 3066 mente
782 2993 848 3057 sibi
864 2995 1017 3076 finxerat,
1043 2996 1330 3080 splendidissimis

155 3099 323 3163 coloribus
348 3099 582 3185 descripsisset
605 3101 801 3184 imaginem.
847 3102 893 3165 Et
917 3111 996 3184 erat,
1030 3125 1130 3186 quem
1154 3103 1330 3188 aptissime

154 3204 384 3270 nominaveris
420 3206 507 3290 ,Elin
531 3206 628 3269 Buch
652 3202 711 3271 der
735 3206 1053 3277 Lebensiveisheit.“
1103 3209 1220 3286 Qualis
1243 3210 1330 3273 liber

153 3319 191 3375 ut
207 3311 387 3393 exstiterit,
405 3311 478 3375 fieri
495 3334 595 3396 posse
612 3336 711 3377 nemo
728 3314 877 3399 negabit,
896 3337 1007 3398 neque
1020 3315 1115 3380 deest
1131 3316 1329 3380 consimilli-

154 3441 228 3483 mus
253 3418 540 3503 Schopenhaueri,
567 3420 763 3506 philosophi
787 3422 904 3504 nost-ri,
929 3423 1163 3504 notissimus³l

246 3585 262 3643 ¹)
282 3579 318 3632 cf.
338 3597 364 3649 p.
385 3581 444 3633 183.

242 3676 261 3733 ²)
280 3670 322 3722 De
339 3668 508 3738 fragmentis
528 3669 590 3734 illis,
617 3688 689 3740 quae
715 3688 730 3723 e
758 3671 888 3740 sophista
917 3672 1040 3742 quodam
1059 3672 1082 3723 V
1102 3690 1123 3725 s.
1152 3674 1281 3728 exeuntis
1310 3692 1328 3728 a

152 3757 315 3813 lamblicho
330 3758 471 3826 exscripta
484 3758 655 3828 Antiphonti
670 3758 804 3813 attribuit
819 3759 956 3824 Blassius,
972 3761 1037 3814 huic
1050 3762 1110 3827 περὶ
1122 3763 1242 3828 ὁμονοίας
1256 3763 1327 3818 libro

152 3847 202 3900 l'h.
223 3848 369 3916 Gompem,
389 3845 523 3900 inferiore
542 3848 605 3902 loco
625 3865 750 3917 agemus.

242 3940 260 3999 ³)
281 3935 469 4005 Aphorismen
489 3952 539 3990 zur
562 3935 805 3991 Lebeusu'eisbeit
833 3939 965 4008 (Purerga
985 3940 1042 3992 und
1061 3940 1266 4010 prolegomena
1285 3943 1326 4007 ll).

153 4023 409 4094 Schopenhauerus
429 4040 542 4096 quoque
562 4041 580 4079 a
599 4027 675 4079 vitae
692 4027 905 4097 vituperatione
933 4028 1043 4081 initium
1072 4029 1147 4098 cepit
1170 4031 1327 4101 eademque

152 4114 262 4168 ratione
280 4129 447 4183 progressus
465 4122 620 4184 praecepta
639 4115 743 4168 datad
763 4116 854 4169 vitam
873 4115 1018 4170 doloribus
1047 4135 1130 4188 quam
1158 4119 1326 4173 liberrimam

151 4201 389 4256 institituendam.
407 4202 465 4256 Nec
485 4221 541 4257 non
560 4204 589 4257 in
608 4205 726 4274 singulis
740 4207 888 4259 sententiis
901 4207 1049 4277 conspirat
1063 4223 1126 4261 cum
1140 4208 1326 4277 Antiphonte.
