3030 4672
727 220 949 285 ,78-

250 414 410 498 cogitur¹)
427 453 470 461 -
486 423 525 479 ut
537 416 693 495 traderet,
707 436 791 498 quae
808 414 852 478 sit
869 423 1036 498 expertus,
1049 416 1104 480 vel
1118 417 1227 481 amico
1238 417 1295 480 vel
1307 415 1425 500 paucis

249 521 376 584 amicis
421 521 462 584 In
495 522 619 606 vulgus
652 543 712 586 sua
735 520 790 584 edi
817 518 957 586 fortasse
990 522 1130 586 omnino
1163 523 1287 604 noluit3
1321 544 1425 607 quare

248 626 350 692 titulo
374 627 460 692 forte
484 628 651 693 carebant.
698 630 817 712 Γνώμη
835 650 915 692 vero
939 628 1022 692 haec
1046 628 1087 692 de
1107 629 1178 693 vita
1197 638 1249 694 est
1264 629 1426 713 vitaeque

249 733 357 815 bonis,
383 736 502 818 quanti
526 736 595 800 sint
614 735 830 813 aestimanda,
857 735 1026 819 quomodo
1042 735 1246 819 usurpanda,
1271 736 1312 799 de
1328 736 1426 799 vitae

250 841 356 925 igitur
378 842 483 906 totius
507 843 786 926 singularumque
810 851 957 906 aetatum
988 841 1108 926 pretio,
1139 842 1181 906 de
1204 842 1347 926 divitiis,
1384 842 1426 907 de

248 947 476 1030 matrimoniO,
501 970 614 1030 uxore,
640 947 766 1028 liberis,
791 947 1014 1030 deamicitia,
1048 947 1089 1011 de
1119 946 1208 1013 lama
1235 949 1424 1034 gloriaque,

247 1054 289 1118 de
314 1055 550 1139 temperantia,
576 1055 618 1119 de
633 1062 723 1119 recte
738 1054 880 1118 vivendi
895 1054 995 1119 modo
1012 1063 1112 1139 atque
1128 1056 1267 1120 ratione.
1291 1056 1426 1120 Eodem

246 1161 354 1245 igitur
386 1161 488 1226 modo
520 1161 637 1225 eadem
667 1169 812 1225 tractata
842 1161 1015 1244 habemus,
1049 1184 1134 1246 quae
1167 1162 1256 1247 apud
1289 1172 1426 1228 veteres

247 1276 364 1351 poetas
388 1268 564 1352 elegiacos,
589 1268 658 1332 nisi
681 1268 781 1353 quod,
807 1290 891 1352 quae
915 1268 1053 1352 singula
1076 1269 1113 1331 hi
1137 1269 1282 1353 singulis
1301 1278 1427 1334 tracta-

246 1383 371 1438 verunt
393 1375 608 1456 carminibus
635 1374 816 1458 Antiphon
841 1374 985 1458 omissis,
1015 1384 1054 1438 ut
1078 1375 1221 1457 videtur,
1251 1374 1354 1440 rebus
1379 1376 1426 1440 ci-

246 1481 372 1544 vilibus
406 1504 474 1546 uno
510 1482 597 1546 libro
631 1481 928 1564 complectebatur,
963 1489 1001 1546 ut
1036 1481 1116 1564 eiua,
1153 1482 1244 1567 quod
1272 1482 1425 1548 diximus

175 1573 179 1581 ¹
247 1588 592 1674 ,Lebensweisheit“,
616 1596 688 1653 tota
712 1589 860 1652 evaserit
883 1588 1064 1673 disciplina
1087 1589 1255 1674 (System).
1297 1590 1425 1655 Exem-

245 1695 380 1777 plorum
399 1694 498 1778 copia
512 1694 761 1758 cohaerentiam
777 1695 892 1759 libello
909 1695 1145 1779 Antiphonteo
1162 1718 1424 1780 nonnumquam

244 1800 447 1864 artissimam
487 1824 564 1865 cum
592 1811 744 1865 veterum
775 1802 1031 1886 elegiaooruffl)
1070 1802 1277 1867 carminibus
1315 1803 1425 1869 inter-

243 1907 421 1971 cedentem
453 1909 596 1992 probare
621 1918 721 1993 atque
755 1907 921 1972 affirmare
955 1931 1105 1993 possum;
1139 1909 1198 1973 sed
1231 1909 1313 1974 satis
1347 1933 1423 1975 esse

244 2025 328 2097 puto
352 2037 406 2078 me
430 2036 507 2079 eam
531 2015 722 2098 posuisse,³)
756 2016 955 2099 praesertim
985 2038 1061 2079 cum
1086 2016 1249 2080 suadeant
1279 2038 1353 2080 eam
1388 2029 1424 2083 et

244 2119 321 2201 alia,
339 2143 423 2204 quae
436 2121 473 2183 in
485 2121 753 2206 interpretandis
769 2120 971 2206 fragmentis
987 2122 1239 2207 adscripsimuS,
1257 2130 1291 2187 et
1307 2145 1421 2188 sermo

243 2227 405 2310 poeticae,
431 2227 473 2291 de
497 2250 563 2311 quo
588 2229 749 2312 quoniam
774 2239 892 2312 postea
914 2229 1102 2293 accuratius
1117 2229 1217 2293 nobis
1235 2229 1299 2294 erit
1314 2252 1422 2314 agen-

242 2333 333 2415 dum,
358 2333 400 2397 ad
424 2334 563 2398 interim
588 2334 749 2416 conferas,
767 2357 852 2419 quae
873 2344 1101 2419 exposuerunt
1119 2336 1325 2400 Bureschius
1346 2338 1379 2419 (l.
1399 2339 1421 2401 l.

241 2462 298 2523 pp.
322 2441 365 2505 83
390 2446 483 2526 sqq.),
501 2441 786 2505 Wilamowitzius
810 2442 893 2521 (Ind.
910 2444 986 2508 lect.
1002 2443 1093 2507 Gott.
1113 2444 1133 2506 l.
1151 2443 1170 2506 l.
1194 2465 1225 2526 p.
1244 2444 1306 2524 19),
1330 2434 1422 2509 Nor-

241 2547 349 2611 denus
373 2548 514 2630 (Antike
538 2549 754 2632 Kunstprosa
776 2548 795 2611 Ι
819 2550 904 2631 120),
928 2549 1060 2614 Joelius
1083 2550 1116 2630 (l.
1135 2550 1247 2632 1.649,
1266 2552 1307 2634 1),
1332 2550 1421 2615 Dre-

240 2654 358 2738 rupius
390 2655 519 2731 (Jahrb.
543 2654 563 2718 f.
587 2656 686 2719 klass.
709 2656 831 2720 Philol.
878 2656 996 2740 Suppl.
1019 2656 1060 2720 N.
1079 2656 1116 2719 F.
1138 2656 1282 2720 XXVII
1304 2659 1420 2741 (1902)

240 2783 297 2844 pp.
314 2763 511 2843 304—305).
557 2762 673 2826 Unum
698 2784 960 2827 commemorem
984 2762 1135 2826 animum
1159 2763 1257 2826 iHum
1277 2785 1418 2828 omnem

239 2867 345 2931 vitam
393 2868 681 2952 perstringentem
728 2878 828 2953 atque
874 2879 1089 2934 accusantem
1135 2869 1418 2954 (Pessimismus).

241 2973 376 3058 Quippe
410 2975 468 3057 qui
500 2975 648 3057 animuS,
682 2997 758 3038 cum
792 2976 833 3039 ab
871 2975 970 3039 initio
1007 2998 1113 3061 usque
1143 2975 1233 3060 apud
1267 2977 1418 3042 Graecos

238 3081 410 3162 valuisset,
447 3119 488 3128 -
523 3090 563 3145 ut
596 3082 823 3166 pulcherrime
858 3083 1013 3167 quamvis
1047 3083 1084 3145 in
1118 3082 1226 3147 maius
1257 3082 1346 3148 iorte
1380 3109 1418 3149 ro

239 3188 334 3268 elata,
367 3188 528 3271 quoniam
553 3188 708 3272 excipere
732 3211 805 3252 sese
827 3211 934 3274 usque
958 3198 992 3254 et
1015 3189 1106 3254 hunc
1129 3189 1281 3254 animum
1304 3191 1417 3256 vitam

237 3293 491 3378 vituperantem
515 3304 549 3360 et
573 3295 744 3359 diversum
769 3296 966 3360 laudantem
986 3295 1233 3380 (Optimismus)
1256 3308 1415 3382 apparet,

239 3400 419 3485 descripsit
437 3402 586 3466 Jacobus
605 3401 820 3467 Burchhardt
843 3412 958 3467 noster
981 3402 1060 3484 (Zur
1080 3402 1336 3468 Gesamtbilanz
1354 3405 1416 3470 des

237 3506 475 3590 griechischen
504 3509 648 3572 Lebens.
685 3509 740 3572 Gr.
760 3509 1000 3594 Kulturgesch.
1018 3509 1055 3572 H
1076 3532 1132 3594 pp.
1156 3511 1345 3593 338-424)
1370 3552 1414 3560 -

328 3668 344 3730 ¹)
356 3667 391 3720 cf.
401 3683 475 3738 quae
483 3671 676 3737 exposuerunt
685 3668 734 3720 Ed.
743 3685 770 3721 v.
779 3669 937 3721 Hartmanu
947 3667 1137 3738 (Philosophia
1146 3669 1195 3723 des
1203 3669 1414 3725 Unbewussten

237 3755 307 3808 1869
326 3773 371 3825 pp.
391 3756 480 3824 alise>
501 3757 532 3809 et
550 3756 612 3810 Jac.
631 3756 808 3810 Burckhardt
830 3757 883 3820 (Gr.
904 3757 1098 3811 K.-G.11387
1118 3763 1177 3829 sqt.

326 3843 345 3907 ²]
364 3844 401 3897 Et
420 3845 533 3899 omnino
553 3845 643 3898 omnis
662 3862 781 3916 poeseos
801 3846 969 3914 didacticae,
994 3847 1085 3916 qualis
1104 3851 1148 3901 est
1167 3850 1197 3901 et
1214 3847 1293 3917 apud
1312 3847 1414 3904 Hesio·

236 3933 302 3985 dum
322 3936 351 3985 et
370 3935 445 4002 apud
463 3933 617 3987 Pindarum
637 3938 666 3987 et
684 3934 760 4004 apud
780 3935 904 4004 tragicos
922 3936 1120 3990 Athenienses

326 4025 343 4083 ³)
364 4021 481 4075 Praeter
506 4022 638 4093 reliquias
665 4022 744 4092 ipsas
771 4023 903 4077 conferas
931 4041 953 4076 s.
973 4041 998 4078 v.
1019 4024 1106 4078 Zeller
1125 4025 1176 4078 Ph.
1195 4024 1220 4076 d.
1240 4024 1288 4079 Gr.
1307 4025 1336 4078 Ι4
1365 4045 1412 4098 pp.

234 4109 348 4172 93-97,
367 4111 393 4164 J.
406 4111 441 4164 M.
457 4110 578 4165 Schulze
596 4112 652 4165 Der
671 4111 800 4165 ethische
819 4112 1074 4182 Gedankengehalt
1093 4113 1142 4167 der
1161 4113 1264 4183 griech.
1277 4115 1413 4184 Elegiker

234 4215 262 4253 u.
281 4196 523 4269 Jambographen.
560 4200 659 4270 Progr.
678 4201 855 4255 Albertinum
873 4200 1008 4272 Freiberg
1026 4203 1104 4258 1889.
