3030 4672
574 234 788 295 ..51-

82 425 277 490 amicorum
291 425 329 490 vi
344 447 449 510 agens
465 425 598 511 („bonis
614 431 751 490 tantum
767 426 885 490 amicis
900 425 1076 508 utendum,
1094 447 1194 490 nam.
1210 476 1218 491 .
1237 426 1265 506 “)

82 553 190 615 quam
214 531 256 596 de
280 531 521 616 magistrorum
553 532 688 617 (,bonis
720 540 854 597 tantum
887 531 1060 616 magistris
1088 532 1263 615 utendum,

82 660 167 702 nam
187 689 194 702 .
214 689 221 701 .
244 639 273 720 l)
295 638 352 702 vel
376 638 586 703 educationis
617 637 742 724 (,eilici
765 647 879 723 potest
902 639 1032 723 aliquid
1051 638 1263 720 educatione,

82 766 166 808 nam
187 796 194 809 .
215 796 221 809 .
244 745 273 826 ⁰)
306 745 349 809 ad
382 744 463 809 talia
495 744 617 810 deduci
650 745 763 830 potuit
785 745 976 830 Antiphon.
1023 745 1152 810 Tamen
1184 745 1265 810 huic

82 851 173 916 torte
186 853 377 917 sententiae
394 874 586 916 succurrere
598 852 772 936 putaveris
785 851 906 938 capitis
919 851 1104 917 Stobaeani
1116 852 1264 917 titulum.

176 976 400 1046 Educationis
416 984 589 1061 postremo
605 977 677 1040 vim
702 976 880 1041 confirmat
900 976 1002 1042 etiam
1017 977 1158 1043 tertium
1174 977 1265 1062 irag·
1291 976 1330 1048 fg.
1341 978 1486 1034 61:136-

82 1091 243 1147 mentum
258 1084 417 1168 (61s135).
447 1083 493 1147 Et
507 1091 624 1148 notam
639 1083 742 1148 habes
759 1084 1065 1168 argumentationis
1081 1084 1262 1164 rationem,

82 1212 164 1254 oum
207 1189 408 1254 brevissime
450 1211 562 1253 rerum
604 1189 799 1254 condicioni
840 1190 1049 1274 propositae:
1112 1193 1264 1274 ἀναρχίας

82 1298 212 1360 ὄόὐόὲν
243 1299 356 1360 κάκιον
388 1299 573 1379 ἀνθρώποις
606 1295 796 1380 copiosiora
830 1295 1004 1378 addantur,
1039 1318 1124 1380 quae
1156 1297 1220 1361 hac
1246 1321 1263 1361 e

82 1402 289 1467 condicione
319 1402 449 1487 priores
480 1402 636 1466 homines
668 1401 855 1468 effecerint:
904 1402 1055 1489 ,Quibus
1080 1403 1263 1467 intellectis

81 1509 218 1594 priores
242 1508 509 1573 assuefaciebant
532 1508 656 1573 liberos
680 1510 761 1573 inde
784 1509 826 1573 ab
850 1509 977 1583 initi0¹l
994 1509 1104 1574 iuberi
1120 1517 1154 1573 et
1170 1509 1263 1574 iussa

82 1615 206 1689 iacere,
240 1639 284 1679 ne
308 1615 415 1681 adulti
448 1615 480 1698 (i.
505 1639 531 1679 e.
554 1615 633 1696 viri)
666 1620 708 1686 εἷς
730 1619 869 1700 μεγάλην
896 1619 1074 1700 μεταβολὴν
1097 1619 1192 1688 ἰόντες
1211 1620 1262 1681 ε’κ-

82 1725 302 1806 πλήσσοιντο,“
338 1722 518 1807 probantia
541 1723 597 1786 scl.
622 1721 723 1786 simul
758 1723 1040 1806 propositionem,
1077 1722 1189 1806 simul,
1225 1732 1264 1788 ut

82 1828 206 1895 eadem
231 1827 389 1912 efficiant,
414 1851 506 1893 nunc
528 1829 686 1892 viventes
709 1837 798 1893 tecte
827 1830 1011 1894 monentia.
1056 1830 1176 1914 Itaque
1199 1830 1263 1894 hoc

82 1958 222 2023 quoque
241 1937 356 1999 lumen
377 1959 394 1999 e
414 1935 501 2000 libro
519 1938 590 2018 περὶ
606 1938 757 2018 ὁμονοίας
773 1936 990 2020 desumptum
1007 1958 1080 2000 esse
1096 1936 1263 2002 existimo

82 2043 205 2126 Neque
229 2042 353 2106 mirum
378 2042 437 2106 illo
455 2065 532 2106 cum
557 2041 624 2106 alia
639 2043 740 2125 mala,
765 2043 838 2106 sive
855 2042 994 2107 deorum
1014 2042 1165 2124 numine,
1191 2043 1263 2108 sive

82 2149 265 2214 hominum
289 2149 442 2233 ipsorum
466 2148 611 2213 stultitia
634 2148 741 2213 vitam
766 2149 949 2214 humanam
974 2149 1163 2233 implentia,
1188 2159 1263 2213 turn

82 2259 238 2339 ἀναρχίας
275 2255 463 2319 maximum
498 2264 678 2321 tractatum
716 2278 849 2341 quoque
881 2256 982 2320 modo
1019 2255 1125 2340 effugi
1151 2265 1263 2340 posset

82 2362 280 2447 expositum
316 2360 428 2426 fuisse.
483 2360 552 2425 Sed
585 2385 769 2446 quamnam
802 2362 953 2426 dicamus
982 2363 1072 2428 hanc
1100 2367 1261 2447 ἀναρχίαν,

82 2469 221 2533 exsistit
251 2469 412 2552 quaestio.
460 2468 569 2546 Quid?
609 2470 754 2534 debebat
785 2470 873 2552 talis,
909 2471 1042 2554 qualem
1075 2471 1260 2555 posuimus,

82 2576 164 2640 libri
189 2584 305 2640 auctor
330 2575 467 2659 quidem
492 2576 640 2640 Graecus
671 2577 839 2660 respicere
871 2577 973 2640 etiam
1004 2599 1056 2640 res
1087 2576 1261 2661 publicas?

83 2683 162 2747 Non
189 2682 312 2766 potuit,
347 2683 406 2766 qui
430 2682 471 2746 de
496 2683 637 2765 divitiis,
672 2686 713 2746 de
747 2684 836 2747 bono
870 2683 1023 2767 consilio,
1058 2683 1099 2747 de
1132 2683 1261 2767 amicis,

88 2790 129 2853 de
155 2789 355 2853 educatione
381 2789 615 2873 praecepisset,
649 2790 832 2874 neglegere
858 2790 900 2854 de
933 2790 1032 2854 rebus
1066 2790 1134 2853 illis
1167 2813 1263 2874 prae-

86 2907 198 2980 cepta,
225 2897 426 2980 quibuscum
449 2906 488 2960 ut
518 2897 608 2980 apud
635 2905 767 2961 veteres
791 2897 1057 2980 uniuscuiusque
1081 2896 1175 2960 civis
1191 2897 1263 2960 vita

83 3003 253 3068 artissime
289 3003 542 3083 cohaerebat?²)
606 3003 692 3066 Tum
728 3004 925 3088 predicabat
963 3011 1098 3087 tempus
1138 3012 1260 3082 actum,

85 3097 300 3193 praedicabat
347 3109 652 3193 obtemperantiam
696 3124 730 3175 et
771 3132 851 3195 erga
896 3120 1053 3196 parentes
1100 3119 1134 3174 et
1180 3132 1262 3194 erga

85 3217 316 3300 magistratus;
352 3225 386 3279 et
420 3220 522 3300 ἀρχήν
554 3217 724 3299 laudabat,
759 3240 827 3280 non
864 3221 975 3300 νόμον;
1010 3217 1262 3301 perstringebat

85 3325 246 3405 ἀναρχίαν,
287 3345 355 3386 nou
392 3326 534 3405 ἀνομίαν.
591 3324 670 3388 Non
705 3324 813 3407 igitur
848 3334 918 3388 erat
950 3346 1115 3387 novarum
1148 3346 1260 3387 rerum

85 3428 265 3510 studiosus
290 3452 400 3514 neque
424 3429 534 3513 plebis
557 3439 748 3512 assectator,
774 3453 884 3514 neque
908 3430 1052 3513 iuvenis,
1077 3430 1136 3494 sed
1155 3429 1262 3494 maior

85 3542 167 3599 natu
190 3535 253 3617 vir,
287 3545 422 3619 patrum
449 3536 682 3600 institutiones
713 3559 860 3614 servans,
893 3537 1099 3620 optimatum
1124 3536 1260 3600 amicus.

85 3643 139 3704 An
182 3664 251 3705 non
294 3642 430 3705 civilem
473 3646 625 3726 ἀναρχίαν
666 3652 783 3707 auctor
825 3644 1004 3727 spectavit,
1054 3643 1112 3707 sed
1154 3643 1261 3707 animi

85 3747 265 3812 affectuum
290 3750 571 3833 voluptatumque
596 3749 792 3814 effrenatam
817 3750 910 3812 illam
941 3741 1125 3832 licentiam,
1159 3772 1258 3833 quam

86 3855 303 3919 coercendam
336 3856 685 3939 compescendamque
718 3857 858 3940 putabat
891 3857 1043 3920 ratione?
1092 3855 1258 3933 Quoniam

176 4020 192 4076 ¹)
211 4014 263 4067 ἀπὸ
276 4023 320 4082 τῆς
334 4015 441 4081 πρώτης
461 4015 497 4078 (h.
508 4033 531 4068 e.
542 4015 594 4067 ἀπὸ
607 4023 651 4082 τῆς
666 4025 737 4082 ατης)
757 4032 905 4086 perperam
920 4017 1061 4070 scribebat
1076 4015 1258 4070 MeineekiUS.

172 4123 191 4187 2)
212 4121 311 4192 ltaque
331 4139 365 4174 ne
385 4122 439 4175 lroc
459 4122 572 4191 quidem
591 4122 782 4191 fragmentum
802 4127 846 4175 est
866 4138 916 4175 cur
930 4121 1052 4176 Politice
1070 4123 1258 4176 attribuamus

85 4227 146 4264 oum
167 4210 301 4280 SauppiO,
321 4209 440 4274 Blassio,
461 4212 595 4265 Creisoto.
