3030 4672
19 593 59 646 De
77 592 220 662 sophistis.

723 183 942 248 ..80-

248 389 282 443 et
313 376 583 441 diversissimum
617 400 694 441 eum
729 399 800 441 esse
833 376 1036 460 appareret¹)
1069 384 1103 440 et
1135 376 1242 461 priori
1274 379 1422 461 tempori

248 484 501 568 assignandum.

337 590 434 668 Quod
467 590 558 654 idem
590 591 723 672 docent,
760 613 844 676 quae
877 590 918 654 de
951 590 1122 675 sophistis,
1160 612 1243 675 quos
1276 592 1426 656 solemni

248 698 387 762 nomine
401 699 573 782 appellare
589 698 838 780 consuevimus,
854 695 1076 781 Protagora,‘³)
1093 697 1257 782 Gorgia,³)
1282 698 1424 783 Hippia,

247 804 399 885 Prodico,
439 804 549 868 adhuc
587 805 751 887 scimus.⁴)
812 803 1020 880 Quibuscum
1059 805 1200 870 collatus
1238 805 1424 889 Antiphon

248 915 398 995 ὁμονοίας
421 920 537 975 auctor
559 921 598 976 ut
621 911 735 993 serior,
769 911 817 976 ita
840 910 1023 975 obsoletior
1055 919 1089 976 et
1112 912 1227 976 rudior
1249 911 1426 987 videtur.“l

250 1019 413 1096 Quocirca
434 1028 474 1083 ut
496 1019 537 1082 ab
561 1040 629 1082 uno
654 1019 709 1081 vel
733 1019 837 1083 altero
855 1017 1065 1102 pependerit,
1087 1019 1140 1082 cui
1161 1016 1295 1100 efficiat,
1321 1041 1424 1102 quam

249 1126 390 1188 minime
429 1125 622 1189 credideris.
683 1125 755 1189 Nec
792 1146 861 1188 non
899 1124 1060 1188 facillime
1099 1122 1238 1189 refutari
1268 1133 1425 1209 possunt,

249 1254 333 1316 quae
356 1232 398 1296 ad
416 1233 498 1296 talia
521 1232 696 1316 probanda
714 1231 829 1295 attulit
846 1231 1094 1295 Duemmlerus.
1140 1232 1279 1295 Etenim
1303 1230 1349 1316 ig.
1370 1233 1425 1313 52,

249 1338 340 1424 quod
374 1347 490 1403 contra
522 1338 702 1402 Prodicum
743 1337 870 1402 dictum
910 1359 982 1401 esse
1017 1338 1157 1421 putabat
1189 1338 1266 1420 (Ah.
1295 1361 1326 1422 p.
1361 1341 1426 1406 172

251 1497 280 1530 η,
297 1445 383 1509 ‚mit
399 1445 587 1509 deutlioher
609 1445 811 1528 Beziehung
833 1442 889 1508 aui
911 1444 1078 1508 Prodikos
1102 1452 1178 1528 sagt
1196 1444 1414 1528 Antiphon“)

250 1552 390 1616 omnino
414 1574 483 1616 non
507 1552 709 1635 impugnare
733 1551 922 1615 doctrinam
939 1551 1107 1635 quandam
1132 1550 1338 1636 philosophi,
1365 1552 1428 1616 sed

250 1658 375 1722 civium
413 1657 517 1722 vitam
549 1680 742 1742 perversam
778 1679 879 1741 supra
913 1658 979 1721 iam
1015 1658 1331 1722 demonstravimus.
1381 1658 1429 1722 Et

250 1765 411 1849 quidnam
427 1764 468 1827 de
487 1764 541 1827 his
560 1764 659 1828 rebus
677 1765 763 1828 Ceus
780 1766 906 1829 sensit?
947 1764 1086 1829 Nescire
1101 1786 1164 1828 nos
1180 1764 1427 1829 confitendum.

249 1872 337 1935 Nam
352 1869 545 1954 fragmenta
568 1871 619 1934 nil
641 1872 819 1956 praebent,
839 1893 1019 1955 quaerero
1037 1871 1209 1955 sophistae
1226 1871 1430 1936 tribuuntur

250 1978 285 2040 in
310 1977 464 2042 Axiooho
489 1987 522 2041 et
540 1978 668 2064 Eryxia
692 1978 835 2061 dialogis
858 1978 995 2044 Platoni
1017 1976 1099 2041 false
1123 1977 1313 2061 adscriptio,
1339 1978 1429 2063 quin

251 2085 385 2147 adeum
405 2083 553 2167 redeant,
580 2107 680 2168 quam
704 2085 849 2148 maxime
870 2083 1011 2147 dubium
1036 2093 1095 2165 est,
1120 2091 1159 2148 ut
1176 2085 1233 2147 vel
1251 2084 1429 2148 Dielesius

249 2190 426 2274 utriusque
451 2190 577 2274 dialogi
602 2192 713 2254 locum
737 2191 827 2254 inter
846 2189 1045 2254 testimonia
1065 2189 1167 2253 dubia
1186 2190 1347 2273 posuerit.
1381 2191 1430 2255 Et

250 2297 396 2382 Eryxiae
421 2297 559 2381 quidem
582 2297 655 2360 loco
680 2301 722 2380 (p.
740 2298 805 2362 397
823 2296 855 2359 D
875 2301 958 2381 sqq.)
983 2317 1067 2380 quae
1088 2295 1241 2359 Socrates
1265 2297 1429 2361 statuisse

251 2403 419 2487 quondam
436 2403 520 2467 dicit
535 2402 729 2466 Prodicum:
752 2411 815 2473 τοῖς
833 2404 891 2486 μὲν
910 2405 1017 2473 καλοῖς
1036 2406 1192 2485 κάγαθοῖς
1209 2411 1273 2467 τῶν
1292 2406 1428 2487 ἀνθρώ-

250 2537 321 2575 πων
345 2513 469 2593 ἀγαθὸν
501 2510 569 2589 (scl.
592 2512 627 2572 τὸ
650 2513 803 2590 πλουτεῖν)
837 2512 889 2573 καὶ
921 2518 984 2580 τοῖς
1010 2513 1230 2592 ἐπισταμένοις,
1261 2512 1345 2574 ὅπου
1382 2513 1433 2575 δεῖ

251 2621 388 2700 χρῆσθαι
411 2625 474 2687 τοῖς
497 2620 662 2699 χρήμασιν,
692 2620 811 2687 τούτοις
840 2618 899 2698 μὲν
922 2619 1055 2698 ἀγαθόν,
1085 2625 1148 2687 τοῖς
1179 2618 1213 2680 δὲ
1243 2619 1430 2701 μοχθηροῖς

251 2727 304 2787 καὶ
323 2727 543 2807 ιλνεπιοτήμοοι
566 2726 675 2787 κακόν.
700 2728 761 2806 ἔχει
781 2726 815 2787 δὲ
833 2726 886 2786 καὶ
904 2723 998 2786 τᾶλλα
1016 2726 1186 2806 πράγματα
1206 2726 1289 2787 οὕτω
1308 2727 1427 2789 πάντα·

252 2834 353 2894 ὁποῖοι
378 2832 438 2913 γὰρ
461 2834 500 2894 ἄν
522 2857 599 2901 τινες
622 2831 700 2895 ὥοιν
723 2834 753 2893 οἱ
777 2834 944 2914 χρώμενοι,
968 2839 1094 2894 τοιαῦτα
1117 2832 1170 2895 καὶ
1193 2832 1229 2893 τὰ
1252 2833 1429 2914 πράγματα

252 2941 355 3007 αὐτοῖς
372 2940 492 3021 ἀνάγκη
510 2941 595 3020 εἶναι,
621 2960 659 3001 ea
676 2937 816 3001 iamdiu
835 2937 992 3000 homines
1009 2936 1101 3001 docti
1121 2936 1292 3001 Socratica
1308 2937 1428 3021 potius

252 3067 353 3129 quam
369 3044 532 3108 Prodioea
556 3066 627 3107 esse
652 3043 878 3122 statuebant.⁶)
917 3043 961 3107 Et
984 3066 1019 3105 re
1042 3065 1126 3107 vera
1150 3043 1185 3105 in
1206 3043 1428 3128 Euthydemo

346 3213 359 3268 ¹)
380 3209 546 3272 Anonymus
566 3220 679 3273 quoque
698 3202 807 3271 alloqui
827 3203 966 3273 quendam
987 3218 1019 3256 se
1037 3202 1176 3271 lingebat.

342 3318 360 3373 ²)
381 3312 416 3366 cf.
435 3311 615 3379 Protagorae
634 3310 671 3363 de
691 3310 752 3363 deis
771 3309 950 3362 sententiam.
989 3309 1148 3363 Contnleris
1167 3309 1251 3362 etiam
1270 3307 1349 3361 haud
1364 3311 1428 3363 sine

253 3401 455 3464 emolumento,
475 3415 548 3470 quae
568 3399 605 3452 de
623 3399 724 3452 iisdem
743 3399 864 3452 senserit
883 3397 996 3453 Critiae.

342 3513 360 3572 ³)
381 3508 529 3561 Seuerou
548 3510 581 3559 ut
599 3505 725 3575 Gorgias
745 3506 891 3575 Olympiae
910 3522 962 3559 sua
981 3506 1160 3560 declamabat
1178 3503 1336 3574 Antiphon.

342 3616 360 3677 ⁴)
380 3615 421 3668 De
440 3613 569 3683 Diogene
588 3613 770 3682 Apollonieta
788 3612 823 3665 of.
843 3629 868 3679 p.
889 3614 930 3664 34.

343 3722 360 3783 ⁵)
380 3722 445 3775 Non
474 3722 561 3790 igitur
589 3721 749 3774 laciendum
778 3736 840 3772 oum
865 3719 1052 3781 Duemmlero‚
1079 3718 1125 3788 qui
1146 3717 1207 3781 (Ak.
1227 3711 1301 3781 235);
1341 3719 1427 3782 „Auf-

254 3812 380 3879 lrlarung,
401 3811 498 3880 inquit,
518 3810 557 3862 ist
576 3811 620 3862 die
640 3808 853 3877 ursprirugliche
871 3807 976 3860 Devise
996 3809 1047 3860 der
1067 3807 1229 3877 Sophisten,
1248 3807 1289 3860 sie
1307 3809 1428 3862 vertritt

255 3901 427 3968 Protagoras
440 3897 494 3952 auf
505 3896 897 3959 erkenntnistlreoretisehem,
917 3897 1034 3966 Hippias
1050 3896 1100 3950 auf
1114 3896 1427 3951 sozialtheoretisohem

254 3987 380 4048 Gabiete,
412 3988 588 4056 Antiphon
617 3987 674 4039 und
702 3985 812 4038 Kritias
839 3985 940 4039 ziehen
971 3984 1328 4056 athcistisch-egoistisehe
1361 3985 1427 4040 Fol-

254 4081 422 4146 gerungen.“

344 4172 361 4227 6)
382 4166 418 4219 cf.
437 4165 472 4218 hl.
491 4165 605 4226 Heiuze,
626 4164 725 4217 Sirehs,
745 4165 808 4217 Ber.
831 4164 899 4217 1884
919 4181 944 4233 p.
964 4164 1024 4216 333.
