3030 4672
756 241 976 305 „54-

276 435 419 521 Sauppii
442 436 622 521 ingenium
646 436 845 509 coniciebat
871 445 908 500 ut
934 435 1168 521 ,concordiam
1191 457 1211 500 a
1233 444 1355 500 natura
1373 434 1431 519 ipsa

275 542 473 607 hominibus
496 543 679 607 monstrari
699 542 849 624 dixisset,
875 542 1003 628 quippe
1019 564 1096 606 cum
1116 542 1174 625 eis,
1199 541 1258 626 qui
1274 541 1433 626 regionem

275 649 423 734 aliquam
447 649 646 730 incolerent,
672 670 778 713 unam
801 649 972 713 universis
1005 648 1225 734 eandemque,
1260 671 1280 713 a
1311 648 1433 733 reliquis

274 755 454 820 hominum
465 756 647 840 generibus
657 777 793 841 prorsus
801 755 1138 840 diversam,corp0ris
1146 752 1434 820 conformationem

276 862 427 927 dedisset
441 885 546 948 eaque
558 863 663 928 etiam
673 863 865 927 animorum
881 862 1139 927 consensionem
1149 860 1434 926 commendassetl

276 968 410 1034 Similia
442 970 556 1054 posuit
580 969 792 1033 Duemmleri
815 970 1074 1054 (Prolegomena
1096 991 1128 1053 p.
1151 969 1195 1033 46
1213 999 1259 1024 --
1277 969 1334 1032 Kl.
1359 967 1437 1032 Schr.

275 1076 376 1142 1206
401 1073 451 1160 [ci.
475 1098 506 1160 p.
532 1075 680 1160 182,l]')⁶l
718 1076 896 1160 sagacitas:
940 1075 1075 1161 ,Wenn
1096 1074 1254 1159 Antipho
1279 1074 1317 1138 in
1342 1074 1439 1138 seincr

275 1180 403 1247 Schrift
434 1185 504 1264 περὶ
539 1186 690 1265 ὁμονοίας
723 1234 729 1246 .
760 1234 766 1246 .
808 1182 862 1245 die
905 1184 1156 1265 μακροκέφαλοι,
1192 1180 1249 1245 die
1282 1184 1438 1252 σκιάποὸες

273 1288 346 1352 und
370 1288 425 1352 die
451 1291 511 1353 ὑπὸ
535 1298 593 1372 γῆν
617 1293 774 1359 οἰκοῦντες
797 1288 950 1352 erwahnt
980 1288 1084 1370 hatte,
1119 1309 1155 1352 so
1188 1288 1286 1353 hatte
1320 1311 1356 1352 er
1378 1309 1439 1352 ver·

274 1395 420 1460 mutlich
442 1395 498 1459 die
527 1395 837 1481 ethnographische
868 1395 1056 1459 Romantik
1084 1402 1275 1477 verwertet,
1306 1417 1366 1459 um
1394 1394 1439 1458 die

274 1501 603 1566 Durchlt'rhrbarkeit
643 1502 753 1567 seiner
792 1501 998 1586 politisohen
1030 1501 1142 1566 Ideale
1173 1524 1217 1565 zu
1248 1500 1437 1567 beweisen.“

274 1606 343 1672 Sed
358 1616 448 1672 recte
467 1605 648 1694 „fortasse“
667 1609 871 1674 vocabulum
896 1608 963 1692 ille,
983 1608 1227 1694 ,vermutlich“
1244 1608 1303 1674 hic
1327 1607 1439 1672 adiecit

274 1713 475 1778 sententiae.
521 1714 609 1778 Nam
626 1737 701 1778 cum
718 1737 829 1798 neque
845 1714 1024 1780 abhorreat
1038 1715 1080 1780 ab
1103 1715 1182 1779 libri
1205 1718 1277 1797 περὶ
1300 1718 1439 1798 ὁμονοίας

273 1820 420 1885 auctoris
443 1829 572 1904 natura,
598 1821 636 1903 si,
660 1836 700 1885 ut
722 1822 874 1906 priorum
898 1831 1091 1906 temporum
1114 1821 1283 1901 homines,
1308 1821 1359 1886 ita
1380 1822 1438 1884 lau-

273 1926 405 1991 daverit
428 1937 549 2011 gentes
572 1925 752 2010 fabulosae,
777 1949 887 2012 neque
911 1950 981 1992 non
998 1927 1202 2012 quadrarent
1220 1927 1314 2011 talia,
1339 1927 1437 2013 qualia

272 2041 460 2117 posuerunt
471 2033 538 2097 viri
550 2034 739 2116 clarissimi,
757 2035 793 2097 in
809 2034 918 2098 libelli
936 2034 1045 2118 ipsius
1061 2043 1313 2119 argumentum,
1333 2043 1436 2100 tamen

271 2139 499 2204 incertissima
521 2140 604 2205 haec
628 2150 715 2205 sunt.
739 2141 877 2205 Etenim
894 2164 938 2204 ne
954 2141 1063 2205 dicam
1086 2140 1161 2205 fieri
1184 2162 1295 2226 posse,
1320 2152 1360 2207 ut
1377 2162 1434 2206 om·

271 2245 354 2310 nino
378 2268 448 2310 non
465 2267 525 2310 sua
540 2247 721 2331 protulerit
736 2247 926 2331 Antiphon,
948 2247 1008 2312 sed
1022 2247 1162 2312 alterius
1178 2247 1355 2312 cuiusdam
1372 2268 1434 2312 auc·

271 2352 355 2416 toris
380 2352 626 2417 examinaverit
648 2353 836 2418 sententias
864 2352 915 2431 (ci.
939 2351 986 2438 ig.
1003 2353 1067 2435 48),
1093 2362 1213 2438 gentes
1237 2353 1315 2418 illas
1339 2373 1433 2437 neque

272 2459 315 2523 ad
338 2481 404 2542 eas,
430 2481 512 2543 quas
535 2461 716 2524 voluerunt
748 2459 923 2545 Sauppius
946 2460 1264 2545 Duemmlerusque‚
1294 2483 1348 2525 res
1370 2479 1432 2545 pre

271 2566 399 2631 bandas
423 2565 596 2630 adhibitas
620 2589 693 2630 esse
715 2588 877 2650 umquam
902 2587 922 2630 a
942 2566 1069 2630 Graeco
1095 2567 1260 2651 scriptore
1283 2567 1431 2632 habemus

271 2672 536 2754 testimonium⁶)
560 2695 670 2757 neque
693 2674 778 2737 tales
800 2694 938 2757 prorsus
961 2670 1065 2737 luisse
1079 2682 1170 2739 recte
1185 2670 1428 2751 existimaveris,

272 2780 388 2863 quales
413 2779 488 2862 quis
519 2787 690 2863 tamquam
717 2781 872 2863 exempla
895 2779 1027 2844 civibus
1057 2781 1281 2867 proposuerit.
1326 2781 1428 2863 Neque

269 2884 479 2970 probabilior
502 2885 760 2950 Wilamowitzii
784 2886 997 2969 sententia;⁷)
1030 2887 1090 2972 qui
1121 2887 1280 2953 inductos
1314 2886 1428 2953 dicebat

269 2994 415 3077 populos
448 3002 621 3077 tamquam
654 2997 773 3076 νόμιμα
800 2998 991 3077 βαρβαρικά,
1026 2993 1149 3078 quibus
1181 2994 1426 3067 demonstretur,

269 3107 308 3163 ut
330 3098 397 3163 viri
417 3098 509 3164 docti
532 3099 640 3184 ipsius
664 3109 767 3164 verba
790 3100 934 3184 laudem,
961 3101 1058 3188 ,dass
1072 3101 1132 3166 der
1146 3105 1225 3186 βίος,
1250 3101 1286 3165 in
1304 3101 1368 3167 den
1383 3098 1427 3161 dor

269 3205 412 3270 Mensch
437 3206 486 3270 als
509 3206 789 3271 Einzelwesen
814 3208 952 3292 gestellt
975 3208 1029 3290 ist,
1054 3207 1138 3272 roh.
1158 3259 1165 3272 .
1190 3207 1290 3273 nicht
1314 3208 1426 3273 lebeus

155 3298 172 3364 ἶ
270 3320 354 3375 wert
387 3312 460 3377 ist.“
509 3311 681 3377 Nimirum
715 3313 817 3378 titulo
852 3323 985 3380 tantum
1020 3314 1100 3379 libri
1134 3323 1169 3379 et
1202 3313 1373 3400 Sauppius
1402 3314 1427 3373 el

358 3470 377 3535 ⁶)
397 3472 605 3526 Duemmlcrum
624 3472 774 3543 exscripsit
792 3473 1003 3528 Poehlmannus
1022 3474 1217 3537 (Sozialismus
1235 3476 1295 3529 und
1307 3474 1425 3529 Romnu-

269 3561 376 3614 nismus
404 3560 441 3614 im
469 3562 613 3615 Altertum
640 3561 652 3614 1
679 3579 705 3631 p.
731 3563 799 3627 118).
845 3564 869 3616 Α
898 3563 1023 3633 Sauppio
1050 3580 1118 3617 vero
1145 3565 1273 3635 pendens
1300 3562 1425 3618 Groisotus

269 3650 422 3713 (Annuaire
441 3655 495 3704 etc.
514 3651 531 3704 l.
551 3651 577 3713 l.)
596 3649 721 3720 populos
740 3651 767 3704 in
786 3652 845 3705 fine
864 3652 925 3705 libri
944 3651 1078 3707 inductos
1097 3668 1160 3707 esse
1179 3653 1305 3709 dicebat:
1326 3654 1360 3723 „a
1372 3651 1425 3706 titre

269 3737 439 3807 d’exemples
459 3739 494 3792 de
512 3739 540 3792 la
560 3739 684 3792 douceur
704 3738 740 3793 de
758 3756 870 3795 moeurs
889 3741 1103 3795 recommendes
1120 3758 1175 3812 par
1192 3741 1361 3798 l’ecrivain.“

358 3844 377 3909 θ)
398 3845 632 3914 Quandoquidem
650 3845 879 3916 Aristophaneus
898 3846 944 3901 ille
963 3848 1042 3901 locus
1061 3848 1122 3911 (Ar.
1143 3849 1230 3914 1553).
1254 3865 1338 3921 quem
1356 3847 1425 3904 advo·

268 3934 356 3987 cahat
374 3933 577 3997 DuemmleruS,
597 3950 653 3986 uon
673 3951 736 3988 cum
748 3936 812 3989 viro
826 3935 911 3989 docto
924 3935 1125 4006 intelligendus
1139 3940 1193 3999 est,
1212 3937 1264 3992 sed
1278 3954 1341 3992 cum
1354 3938 1426 4002 Droy·

269 4038 337 4076 seno
357 4021 394 4082 (in
413 4021 562 4092 interpret.
581 4023 739 4078 Germanic.
759 4022 798 4077 ad
817 4024 843 4087 l.)
863 4025 907 4078 vel
925 4041 983 4079 van
1002 4025 1161 4079 Leeuweno
1180 4025 1227 4088 (ad
1244 4025 1282 4092 1.).

357 4133 377 4191 ⁷)
397 4127 460 4195 Qua
487 4134 608 4199 accepta
629 4129 779 4184 Dielesius’
805 4130 864 4200 fgg.
883 4132 988 4185 45-47
1016 4131 1134 4186 fluxisse
1161 4132 1323 4188 adnotabat
1344 4148 1378 4188 ex
1399 4142 1425 4181 0⁰

268 4216 344 4287 quod
364 4216 476 4271 dicebat
495 4217 700 4288 „Schilderung
718 4219 767 4273 der
784 4221 947 4275 Barbarei.“
