3030 4672
693 232 913 296 -44-

215 421 337 485 timore
361 423 570 507 probandam
595 425 716 508 afferri,
742 448 851 510 neque
876 428 1120 511 temperantiae
1144 435 1265 491 natura
1281 433 1320 490 ut
1335 425 1386 488 de-

215 527 379 611 finiretur,
405 529 538 595 timoris
562 534 717 617 exempla
740 533 890 617 produci.
935 533 1105 597 Nimirum
1136 556 1206 597 non
1231 531 1387 597 studebat

215 643 332 699 auctor
347 636 424 717 nisi,
441 645 481 701 ut
496 647 585 702 reete
602 661 675 703 sese
687 639 883 705 adhibuisse
898 640 1091 705 ostenderet
1102 662 1221 705 vocem
1238 642 1387 722 σώφρων.

215 741 261 806 Et
269 740 563 827 deliniebatillam,
573 758 612 808 ut
620 745 988 830 indicarethooipsum,
1000 747 1088 830 quod
1097 746 1253 811 suaderet
1260 752 1387 809 rectum

216 851 589 932 ‹inaduooupporeiresse
597 851 682 916 illud
690 852 732 916 ab
740 853 898 917 omnibus
907 852 1388 937 sapientibuspraedioatum.¹)

215 954 334 1038 Neque
365 955 423 1020 ubi
451 979 655 1041 reponamus
685 957 923 1043 fragmentum,
952 959 1092 1023 dubium
1120 959 1269 1043 relinqui
1294 979 1389 1043 posse

215 1062 368 1126 arbitror.
414 1063 501 1127 Nam
525 1063 616 1128 haud
638 1087 692 1129 res
717 1074 788 1130 erat
811 1066 853 1129 de
876 1065 1039 1149 iniuriat)
1063 1067 1167 1130 immo
1191 1065 1234 1130 de
1258 1064 1389 1129 timoris

216 1168 357 1252 speique
372 1170 492 1253 pretio.
523 1171 569 1234 Et
583 1172 780 1256 oppositum
797 1195 876 1236 sane
893 1172 1004 1237 stabat
1026 1173 1164 1237 initium
1189 1171 1285 1252 illud,
1305 1169 1390 1256 quod

216 1296 318 1358 supra
353 1275 526 1359 exscripsi,
562 1275 764 1361 fragmento,
798 1278 887 1362 quod
915 1278 1136 1343 antecedebat
1158 1280 1210 1344 56.
1252 1276 1389 1341 Etenim

215 1383 250 1445 τὸ
277 1385 377 1446 θέλειν
400 1390 435 1446 et
456 1385 492 1446 τὸ
515 1393 613 1447 ποιεῖν
636 1396 671 1448 et
693 1384 750 1449 hic
773 1396 807 1449 et
831 1385 903 1449 illic
935 1384 1000 1449 sibi
1033 1383 1288 1469 respondent;³)
1322 1383 1390 1446 illic

216 1511 350 1572 quoque
370 1489 601 1570 inducebatur,
620 1491 679 1573 qui
696 1494 850 1574 δειμαίνει,
873 1495 928 1575 μὴ,
952 1497 971 1555 ἃ
993 1495 1074 1555 θέλει
1092 1501 1219 1574 ποιῆσαι
1239 1493 1390 1574 ἁμαρτὼν

215 1599 336 1659 τούτων
361 1647 491 1659 .....
517 1599 733 1680 ἀπενέγκηιαι;
758 1601 902 1680 δειμαίνει
926 1603 971 1681 μή
995 1599 1060 1662 hoo
1078 1597 1170 1661 idem
1186 1619 1328 1682 prorsus
1343 1604 1390 1660 est

216 1709 318 1785 atque
337 1705 425 1767 ὀκνεῖ
445 1703 538 1766 illud.
586 1704 749 1781 Quocirca
765 1705 870 1769 etiam
886 1705 971 1768 illud
986 1705 1090 1769 hocce
1104 1704 1391 1788 interpretabatur

218 1808 340 1873 Suidas
362 1810 420 1873 vel
443 1809 571 1874 Suidae
600 1822 717 1875 auctor
746 1815 807 1893 (ἐπὶ
830 1821 884 1875 τοῦ
908 1815 1014 1894 φόβου
1038 1814 1091 1875 καὶ
1113 1820 1168 1875 τοῦ
1192 1813 1389 1894 φοβεῖσθαι);

219 1938 295 1979 cum
318 1939 400 1981 vero
430 1916 468 1979 hi
491 1926 703 1981 cunctatores
727 1918 877 2002 oppositi
901 1929 1014 1982 esseut
1042 1917 1176 2001 ignavis
1209 1925 1313 1981 antea
1337 1916 1389 1979 de·

218 2022 331 2106 pictis,
356 2022 533 2105 adiciebat,
558 2023 681 2107 quibus
704 2023 967 2106 offendebamur
993 2028 1040 2088 ἐπὶ
1066 2024 1213 2104 ὃειλίαςθ)

307 2217 359 2281 De
384 2240 422 2281 eo
447 2217 563 2302 igitur,
598 2217 688 2301 quod
721 2227 773 2283 est
801 2222 912 2299 ὀκνεῖν,
938 2218 1204 2303 disputationem
1228 2218 1389 2283 habemus

217 2324 426 2407 propriamflj
478 2324 593 2407 Atque
631 2324 842 2407 vituperavit
872 2325 1052 2409 Antiphon
1084 2325 1259 2388 levitatem
1299 2325 1388 2388 illam

216 2429 332 2511 animi,
358 2451 427 2513 qua
449 2430 545 2494 nullo
569 2430 722 2511 consilio,
748 2451 891 2513 quorum
910 2431 948 2493 in
964 2440 1113 2494 mentem
1130 2429 1231 2493 nobis
1246 2431 1393 2510 veniret,

216 2557 495 2620 persequeremur
529 2537 605 2618 (671),
646 2535 817 2619 suasitque
857 2536 1117 2600 cunctationem.
1178 2535 1247 2600 Sed
1282 2535 1389 2600 noluit

309 2701 324 2758 ¹)
344 2694 473 2748 Blassius
493 2695 566 2748 enim
586 2695 636 2757 (De
655 2695 769 2764 Antiph.
789 2711 845 2749 ero.
865 2713 890 2764 p.
912 2697 952 2758 13)
972 2695 1126 2749 membrum
1146 2695 1389 2762 ἐλπίδες-ἀνεφά-

215 2805 297 2849 νησιιν
315 2783 391 2835 αὐτοί
416 2800 516 2852 parum
542 2789 640 2852 aptum
659 2799 724 2837 esse
747 2791 828 2837 ratus
848 2783 1045 2852 disputationi,
1065 2801 1150 2854 quam
1169 2783 1340 2854 appellabat
1360 2784 1390 2836 de

215 2873 383 2939 σωφροσύνῃ,
404 2889 437 2925 ex
456 2872 557 2925 eodem
575 2872 630 2926 hoc
649 2872 811 2941 fragmento
831 2872 913 2925 buius
933 2872 1020 2925 fuisse
1039 2873 1185 2942 scriptoris
1201 2871 1391 2928 concludebat

215 2962 247 3015 in
267 2961 368 3031 quovis
387 2966 554 3029 argumento
574 2959 610 3013 de
626 2974 803 3030 (quacumque
823 2977 852 3012 re
871 2975 964 3028 agere.

306 3049 325 3108 ἰ
345 3050 490 3103 Croisetus
510 3050 583 3101 enim
603 3047 642 3116 fg.
662 3051 697 3101 58
716 3065 802 3118 agere
821 3048 910 3101 voluit
931 3049 965 3101 de
980 3049 1092 3102 bomine
1114 3049 1244 3119 ,disputo
1260 3056 1344 3104 toute
1362 3066 1391 3102 sa

216 3139 261 3192 vie
279 3155 331 3207 par
349 3139 389 3190 les
408 3136 542 3206 persicus
562 3138 609 3206 qui
629 3137 780 3205 l’egarent“
802 3144 830 3188 et
852 3136 904 3199 ,de
928 3137 955 3189 la
974 3137 1157 3191 mechancete
1183 3137 1200 3190 a
1225 3137 1337 3208 l'egard
1361 3138 1391 3190 de

216 3227 358 3280 l'autrui.“

307 3315 325 3376 ³)
344 3313 421 3367 Nota
431 3319 460 3367 et
470 3316 620 3368 verborum
629 3311 828 3382 ponendorum
838 3313 975 3381 argutias,
991 3312 1092 3383 quibus
1109 3313 1147 3380 μὴ
1162 3315 1178 3365 ἃ
1192 3315 1263 3366 θέλει
1278 3317 1340 3370 etd
1357 3313 1391 3381 μὴ

215 3404 286 3456 θέλει
306 3401 451 3456 enuutiati
471 3403 624 3455 membrum
644 3406 794 3471 utromque
808 3401 943 3470 incipiens
957 3401 1167 3470 elegantissime
1180 3404 1264 3457 alteri
1278 3421 1392 3475 respon·

217 3493 274 3554 det,
294 3497 323 3544 et
343 3491 479 3544 sermonis
500 3489 622 3543 virtutes
641 3507 675 3543 ac
695 3489 896 3558 proprietates
916 3490 1017 3559 cluibus
1036 3491 1130 3554 homo,
1151 3491 1267 3562 dequo
1289 3494 1395 3563 agitur,

216 3581 361 3634 reviviscit
381 3579 471 3650 quasi.

307 3669 326 3732 ⁴)
346 3669 414 3721 Cum
427 3667 558 3735 legamus
575 3667 651 3736 apud
665 3664 782 3720 Suidam
802 3665 843 3715 ἐπὶ
863 3666 958 3722 ὁειλιάς
976 3667 1029 3717 καὶ
1049 3667 1180 3732 ῥᾳθυμίας
1200 3686 1294 3739 neque
1314 3671 1331 3737 ἢ
1351 3671 1395 3737 ῥιι-

215 3759 322 3823 θνμίας,
350 3757 467 3823 ῥᾳθυμία
496 3754 788 3823 tloteresselosigkeit)
817 3771 887 3806 voce
906 3755 1030 3818 eosdem,
1050 3772 1122 3825 quos
1141 3758 1222 3809 ὁειλία
1252 3759 1396 3830 (Euergie-

215 3846 360 3915 losiglreitt
381 3849 500 3898 notatos
519 3861 581 3897 csse
601 3844 758 3896 existimem
777 3859 869 3911 neque
888 3859 945 3905 eoa,
975 3844 1023 3912 qui
1051 3845 1128 3897 nullo
1157 3846 1280 3901 consilio
1301 3848 1397 3902 omnia

216 3937 324 3989 adeant
342 3934 390 4003 (ig.
409 3933 550 3994 67:111).

306 4025 325 4081 ὖι
344 4024 387 4075 De
406 4022 484 4074 Ocno
505 4019 553 4073 illo
574 4019 619 4082 tol.
639 4020 668 4072 L.
691 4018 830 4085 Schmidt,
858 4019 909 4071 Die
928 4019 1014 4072 Ethik
1034 4020 1084 4073 der
1103 4022 1274 4077 GriechenI
1293 4041 1321 4094 p.
1338 4026 1399 4087 102,

217 4113 269 4175 39),
290 4112 325 4164 de
345 4127 400 4181 quo
421 4106 830 4177 cogitabatWilamowitzius
849 4106 879 4159 iu
899 4108 1101 4176 Antiphonteis
1121 4110 1252 4179 equidem
1272 4113 1401 4167 invenire

218 4199 257 4253 nil
276 4200 365 4270 potui.
