3030 4672
590 213 812 276 ..11-

113 405 345 490 Νικομαχείοις
358 397 606 494 Ἀριστοτέλους,
625 429 725 472 causa
744 407 915 472 nescimus
934 428 1001 492 qua
1019 406 1177 471 inductus
1193 407 1287 472 tasti-

113 512 229 577 monio
253 514 413 578 attulerat
442 513 703 578 Rhetoricorum
726 512 1010 579 Aristoteleorum
1042 514 1154 578 locum
1188 514 1286 579 illum

113 619 190 701 (Ba
212 617 246 704 p.
272 621 357 687 1379
381 620 403 684 b
422 622 475 699 15)
504 613 617 706 ὥσπερ
641 611 896 709 ὁἈντμμῦννος
919 615 1124 710 Πλήξιππος
1145 625 1192 708 τῷ
1215 629 1288 688 Με-

112 719 233 814 λεάγρῳ
256 728 334 807 acl,
359 735 560 812 arreptaque
576 727 752 792 occasione
772 726 1037 812 deprompserat,
1057 733 1287 812 quaecumque

80 839 147 897 ·et
171 832 211 896 de
235 833 402 917 Plexippo
433 833 581 898 habebat
614 840 648 897 et
682 832 724 897 de
746 832 963 917 Antiphonte
995 833 1079 918 ipso.
1125 833 1212 899 Nam
1246 857 1287 898 ex

112 937 250 1004 Adrasti
275 939 382 1024 copiis
405 939 626 1024 Hephaesti0,
652 960 752 1024 quem
777 939 1036 1024 grammaticum
1069 941 1286 1005 notissimum

113 1045 224 1110 dicere
257 1067 328 1109 non
362 1045 543 1129 vereberis,
580 1045 711 1131 proprii
745 1069 789 1110 ne
825 1045 967 1110 minimo
1001 1045 1138 1130 quidem
1171 1047 1286 1111 addito

111 1152 236 1217 librum
252 1152 509 1236 consarcinavit,
534 1153 588 1217 cui
602 1152 706 1216 index
722 1161 793 1216 erat
807 1153 883 1239 περὶ
898 1157 955 1218 τοῦ
969 1149 1064 1239 παρὰ
1080 1157 1288 1240 Ξενοφῶντος

112 1259 145 1324 ἒν
163 1265 233 1337 τοῖς
246 1249 597 1348 Ἀπομνημονεύμασιν
612 1250 836 1346 Ἀνῑιφῶνῑος,
853 1258 1103 1343 Athenaeique,
1122 1260 1287 1344 cuiaegre

111 1363 238 1430 furtum
266 1364 390 1431 ferenti
422 1365 528 1431 totius
561 1365 610 1430 rei
643 1366 876 1450 cognitionem
910 1365 1082 1447 debemus
1115 1366 1181 1430 alia
1214 1367 1286 1431 sine

111 1471 214 1536 dubio
243 1473 433 1556 legeremus
456 1473 568 1554 verba,
603 1473 632 1536 si
654 1473 823 1538 Adrastus
853 1472 1002 1538 Socratis
1034 1474 1215 1556 aemulum,
1249 1483 1287 1538 ut

112 1578 339 1662 distingueret
370 1601 447 1643 eum
479 1601 498 1642 a
529 1578 669 1663 tragico,
703 1579 903 1660 citavisset¹)
935 1602 1045 1663 neque
1074 1601 1181 1644 unum
1207 1601 1286 1644 eun-

112 1683 256 1769 demque
281 1706 338 1749 eos
361 1692 523 1770 putasset.

198 1827 271 1891 Nec
302 1848 373 1890 non
407 1825 600 1892 Caeciliana
633 1835 722 1911 sunt,
762 1850 846 1911 quae
882 1826 1078 1912 proferebat
1114 1827 1286 1893 Diodorus
1312 1826 1460 1880 Diodorus.

111 1938 177 2018 (ap.
202 1933 306 1999 Olem.
329 1934 426 1997 Alex.
451 1932 574 1999 Strom.
597 1934 615 1997 Ι
640 1936 681 2000 16
704 1957 736 2020 p.
761 1936 813 2016 51,
847 1935 977 2002 14-17
1002 1935 1072 2018 St),
1104 1956 1185 1999 sane
1214 1958 1285 2000 non

111 2039 246 2105 Siculus
270 2063 382 2105 rerum
403 2041 606 2125 scriptorum
630 2041 879 2123 celeberrimus
905 2041 964 2105 sed
978 2041 1144 2126 Valerius,
1169 2042 1285 2106 Valeri

110 2147 276 2211 Pollionis
299 2147 400 2232 filius,
425 2147 515 2231 libri,
540 2149 595 2212 cui
621 2142 870 2213 inscribebatur
893 2138 1061 2238 Ἐξήγησις
1082 2153 1148 2214 τῶν
1173 2149 1284 2239 ζητου-

109 2254 216 2338 μένων
240 2251 333 2342 παρὰ
356 2260 426 2334 τοῖς
445 2248 629 2345 ίρήνορσιν,
648 2263 764 2321 auctor
780 2260 790 2337 i
810 2253 831 2319 f.
850 2255 1186 2340 P(auly)-W(issowa)
1211 2278 1234 2320 a
1253 2279 1284 2320 v.

110 2361 282 2426 Diodorus
305 2384 355 2425 nr.
379 2363 443 2443 46).

199 2502 323 2575 Suidae
346 2526 427 2569 vero
450 2506 613 2568 lemmata
637 2527 678 2568 ex
701 2504 868 2590 Hesychii
891 2504 1017 2568 Milesii
1044 2506 1283 2589 onomatologo
1314 2499 1425 2556 Suidas·

110 2610 184 2674 sine
209 2610 311 2674 dubio
336 2611 505 2696 exscripta
537 2611 579 2675 ad
603 2611 866 2695 grammaticum
899 2611 1052 2693 redeunt,
1088 2611 1145 2694 qui
1177 2611 1285 2697 Didy-

110 2738 185 2781 mea
209 2716 408 2801 compilavit
431 2740 508 2782 oum
532 2717 743 2783 Caecilianis.
789 2718 928 2782 Etenim
946 2717 1129 2782 secundum
1149 2718 1285 2802 quidem
1391 2747 1393 2751 ’

110 2825 235 2888 lemma
253 2824 303 2887 nil
320 2825 484 2909 continet,
506 2825 596 2910 quod
612 2848 683 2889 non
703 2825 876 2910 conspiret
894 2846 971 2889 cum
987 2824 1060 2888 vita
1077 2825 1285 2890 Plutarchea.

110 2931 293 3015 Discrepat
308 2939 451 3015 tantum,
471 2932 562 3017 quod
575 2932 616 2996 de
633 2932 782 2997 Socratis
794 2931 926 2996 aemulo
943 2931 1142 2994 memoriam
1157 2932 1286 2997 omittit

109 3037 235 3122 aliique
258 3037 332 3103 viro
356 3038 522 3123 singulari
545 3039 711 3121 attribuit,
738 3038 779 3102 de
808 3059 873 3122 quo
894 3037 966 3122 agit
984 3039 1110 3102 lemma
1129 3038 1285 3122 primum.

109 3142 223 3208 Tertio
247 3153 360 3209 autom
384 3167 454 3209 non
477 3145 642 3230 probatur
664 3144 733 3209 nisi
756 3145 1021 3229 grammaticum
1044 3144 1143 3208 illum
1160 3166 1219 3209 suo
1236 3167 1286 3209 ar-

108 3250 210 3315 bitrio
230 3251 318 3334 libri,
345 3252 403 3336 qui
422 3252 503 3338 aliis
516 3252 661 3317 testibus
678 3251 958 3316 confirmantibus
978 3249 1283 3335 circumferebatur,

108 3357 374 3442 interpretatorii
407 3366 579 3424 auctorem
603 3357 793 3422 seiunxisse
817 3380 836 3422 a
859 3357 1059 3439 coniectore,
1092 3357 1179 3422 sicut
1207 3380 1286 3422 con-

109 3463 265 3528 iunxerat
281 3487 338 3529 eos
355 3463 414 3529 suo
431 3465 570 3530 arbitrio
586 3463 765 3549 Didymus
790 3463 946 3529 Secundo
967 3464 1113 3548 denique
1132 3465 1285 3529 lemmati

109 3592 193 3654 quae
218 3570 345 3654 insunt,
368 3571 529 3635 universa
551 3578 609 3635 aut
634 3571 677 3634 ad
698 3570 888 3656 Didymum
912 3579 970 3635 aut
993 3570 1035 3634 ad
1064 3570 1284 3635 Plutarchum

108 3684 325 3761 personatum
336 3676 453 3741 reterri
464 3686 608 3762 possunt
619 3687 754 3763 praeter
767 3677 973 3762 cognomina
984 3677 1043 3740 illa
1054 3671 1285 3764 λογομάγειρος

108 3792 142 3849 et
158 3778 334 3865 ἐποποιός,
360 3806 445 3868 quae
464 3784 554 3848 unde
573 3784 806 3869 provenerint,
827 3790 918 3847 certo
939 3791 1085 3848 statuere
1104 3806 1175 3849 non
1194 3784 1282 3850 licet.

197 3924 442 3991 Constantinus
458 3934 631 4010 postremo
644 3927 875 4010 Palaeocappa
889 3925 1033 4009 violarii,
1049 3926 1138 4011 quod
1149 3925 1283 3990 dicebat
1309 3939 1447 3996 Eudocia.

106 4031 278 4097 Eudociae
312 4031 363 4116 (cf.
390 4032 571 4097 Westerm.
605 4032 720 4117 Biogr.
757 4033 812 4096 Gr.
848 4055 879 4116 p.
908 4032 993 4114 236),
1030 4054 1130 4096 verus
1154 4040 1279 4115 auctor,

198 4195 216 4259 1)
235 4193 351 4262 Sauppe
369 4209 396 4262 p.
416 4193 443 4246 4.
