3030 4672
722 217 941 279 ‚24-

245 437 279 476 re
304 435 383 476 vera
406 413 521 476 thema
543 412 754 496 probandum
776 423 996 496 proposuerat
1010 415 1029 491 ¹)
1059 412 1213 476 Necnon
1231 421 1421 496 sequuntur

244 519 295 601 (ci.
318 518 363 602 fg.
382 521 436 598 51)
460 519 658 583 brevissime
682 528 891 582 contractum
906 519 1062 582 uberiora
1085 531 1296 600 argumenta.

332 644 419 707 Nam
444 654 478 707 et
501 644 721 727 bipertitione
751 652 786 708 et
815 644 987 727 anaphora
1016 643 1169 707 adhibita
1199 653 1420 727 exponuntur

244 752 381 815 haecce:
406 751 544 814 Etenim
569 751 597 814 si
622 751 744 814 mulier
767 772 834 814 non
860 751 964 834 apta²)
995 751 1048 829 sit,
1083 772 1182 833 quem
1216 752 1251 812 in
1277 750 1416 814 modum

244 860 276 940 (i.
296 881 322 922 e.
348 866 565 941 quantopere,
592 856 631 921 ci.
658 861 850 940 θαυμαστῶς
873 856 918 941 fg.
943 859 997 937 51)
1021 858 1209 922 calamitate
1232 858 1284 920 uti
1307 857 1418 921 homi-

244 987 323 1028 nem
348 970 503 1048 oportet?
534 965 685 1048 Aegrum
702 965 819 1047 (enim)
837 973 888 1027 est
904 964 1100 1045 divortium,
1126 967 1236 1046 φίλους
1257 964 1417 1028 inimicos

243 1071 420 1151 reddere,⁸)
453 1093 591 1154 aegrum
626 1071 797 1155 possidere
830 1072 899 1134 taie
933 1071 1150 1153 quicqrram,⁴')
1182 1070 1417 1154 voiuptatibus

245 1179 348 1262 potiri
372 1186 548 1262 putantem
573 1178 694 1242 ducere
719 1178 927 1258 molestias.⁵)
974 1178 1082 1241 Omisi
1106 1177 1215 1240 adhuc
1237 1177 1341 1241 verba
1366 1182 1416 1241 ἴσα

243 1294 440 1368 φρονοῦντας
463 1290 513 1349 ἴοα
536 1290 685 1355 πνέοντας
709 1288 886 1358 ἀξιώσαντα
905 1287 957 1347 καὶ
977 1287 1153 1357 ἀξιωθέντα
1174 1306 1285 1368 noque
1304 1287 1417 1366 φίλους

243 1392 365 1456 Latine
389 1391 480 1472 dedi3
515 1392 641 1477 quippe
674 1414 759 1475 quae
789 1391 1080 1475 interpretationis
1114 1392 1183 1454 sint
1216 1413 1315 1473 quam
1346 1413 1416 1455 ma-

243 1499 333 1561 xime
357 1499 544 1582 ambiguae.
590 1499 753 1563 Necnon
780 1500 875 1581 plura
899 1498 934 1561 in
966 1498 1014 1561 eis
1039 1498 1221 1581 periclitati
1245 1506 1324 1561 sunt
1347 1498 1415 1560 viri

243 1605 374 1689 riocti⁶);
400 1628 483 1688 quae
507 1615 620 1670 tamen
645 1627 715 1668 non
735 1605 908 1669 clariorem
927 1604 1114 1667 reddidisse
1131 1605 1243 1668 locum
1260 1604 1414 1668 arbitror.

193 1718 196 1723 '
244 1713 385 1776 Dixitne
408 1711 494 1776 forte
527 1720 655 1776 auctor:
690 1733 829 1795 aegrum
861 1712 1018 1775 inimicos
1049 1711 1113 1774 sibi
1144 1709 1251 1775 facere
1284 1711 1414 1775 adfines

243 1819 403 1900 mulieris
430 1819 501 1882 sive
525 1819 705 1882 discidium
729 1820 880 1902 postulet
903 1818 1043 1881 maritus
1067 1818 1138 1881 sive
1160 1819 1349 1902 postuletur
1374 1817 1413 1882 ab

243 1948 292 2007 eo,
318 1926 445 2010 quippe
465 1926 523 2009 qui
546 1916 743 2010 conspirent
766 1948 842 1989 cum
867 1925 945 1988 iila?
969 1925 1025 1988 An
1050 1926 1175 2008 potius:
1200 1947 1338 2008 aegrum
1363 1934 1414 1991 est

244 2032 399 2095 inimicos
423 2032 489 2095 sibi
507 2033 646 2096 reddere
661 2032 789 2096 adfines
806 2037 851 2113 (et
868 2032 1017 2095 mulieris
1034 2040 1067 2096 et
1083 2031 1212 2115 ipsius),
1230 2032 1259 2095 si
1276 2032 1413 2114 quidem

242 2139 317 2223 (luis
341 2140 498 2222 postulat,
530 2148 569 2203 ut
592 2139 775 2203 concordes
798 2141 919 2205 vivant
946 2139 1103 2202 homines
1127 2140 1192 2219 (vel
1217 2139 1412 2222 coniugem?

242 2247 297 2307 An
315 2245 355 2307 de
373 2246 489 2309 amicis
505 2247 665 2330 loquitur,
690 2247 748 2329 qui
764 2246 864 2321 amici
880 2246 1093 2309 concordiam
1111 2246 1248 2329 quidem
1272 2246 1312 2309 ab
1338 2246 1413 2310 aliis

333 2425 350 2491 Ι)
369 2425 444 2476 Beue
463 2423 679 2491 obserandum,
699 2440 783 2494 qutun
799 2426 869 2476 beuc
884 2424 978 2476 omnia
998 2425 1167 2492 procedant:
1189 2425 1222 2476 de
1238 2423 1411 2477 matrimonii

241 2514 314 2566 euim
335 2512 469 2582 cupidine
488 2512 608 2583 primum
628 2516 773 2581 agebatur,
793 2513 829 2566 de
849 2513 1027 2566 matrimonio
1048 2513 1108 2583 ipso
1128 2529 1203 2566 nuric
1224 2530 1267 2565 res
1287 2518 1340 2565 est.

332 2626 349 2679 ²>
369 2621 412 2672 lta
428 2620 595 2672 vertendum
606 2625 634 2672 et
649 2620 839 2673 scribendum:
859 2620 989 2686 ἕπττηὸεία
1004 2619 1135 2686 γενομένη.
1161 2619 1260 2672 Mulier
1275 2620 1342 2672 iilud
1357 2621 1412 2671 iam

242 2709 316 2761 inest
335 2710 362 2760 iu
376 2725 478 2762 turcum
497 2707 627 2774 ἐπιτηδεία
646 2708 767 2775 γενομένη
788 2709 846 2762 fine
865 2709 999 2762 feminino
1016 2709 1060 2772 (cf.
1075 2709 1170 2778 Eurip.
1185 2709 1256 2762 bled.
1270 2708 1321 2759 28ss
1341 2708 1416 2758 iuuet

241 2796 270 2846 di
297 2797 413 2862 λέκτρων
440 2797 534 2863 ἀνδρὸς
562 2797 726 2864 ἐστερημένη,
755 2799 869 2851 Ιαιοίαῐι.
897 2799 931 2850 de
958 2798 1077 2851 column.
1105 2805 1158 2850 etc.
1193 2797 1229 2848 ill
1252 2798 1301 2847 132
1321 2795 1412 2851 Reitz.

242 2926 247 2935 .
269 2926 274 2936 .
295 2887 434 2952 ἠκολούθει
453 2886 521 2937 πάνυ
540 2888 673 2943 πενθικῶς
693 2907 729 2944 τις
748 2886 945 2953 ἕοκετάσμένη);
970 2905 1061 2958 neque
1080 2886 1180 2939 Blassii
1195 2886 1353 2954 DieieSlque
1371 2885 1412 2952 (in

241 2975 284 3027 ed.
304 2975 453 3048 liutradita
472 2975 604 3039 retinuit),
624 2991 715 3045 neque
735 2976 860 3044 Sauppii,
884 2991 977 3045 neque
996 2976 1132 3028 Meiueclti
1157 2973 1317 3027 mutatione
1343 2991 1412 3044 opus

242 3067 293 3116 ost.
331 3063 428 3131 Neque
452 3064 479 3116 in
504 3081 536 3117 eo
564 3063 745 3126 haerendum,
767 3064 841 3130 quod
868 3070 968 3133 postea
994 3065 1111 3133 legimns
1138 3062 1167 3115 τὰ
1194 3064 1299 3115 πάντων
1325 3065 1412 3130 ἐπιτη-

241 3153 367 3203 dardanio.

330 3258 348 3316 3)
368 3260 494 3326 Ζτνγματι
515 3264 546 3312 ut
566 3260 664 3313 dicunt
683 3260 785 3314 Graeci
806 3260 876 3314 haec
896 3276 1043 3328 expressa:
1079 3259 1186 3326 χαλεπαὶ
1205 3258 1252 3324 μὲν
1271 3259 1412 3324 ἔκπομπαί,

242 3348 373 3414 (χαλεπὸν)
394 3389 399 3399 .
421 3389 425 3399 .
445 3357 556 3415 ποιῆσαι.
595 3349 650 3402 Sed
671 3349 737 3401 (καὶ)
764 3368 827 3405 cum
846 3349 982 3404 Jacobsio
1003 3352 1033 3402 et
1052 3349 1186 3402 ΒΕΘΙΘΒῙΟι
1205 3349 1325 3401 inserere
1342 3366 1412 3418 opus

242 3454 299 3490 non
320 3444 371 3491 est.
442 3443 444 3447 ’

330 3547 348 3607 ⁴)
368 3545 432 3598 Non
454 3553 505 3613 est,
525 3562 574 3599 cnr
592 3561 644 3614 pro
664 3547 773 3615 optimo
800 3546 846 3599 illo
865 3548 1007 3612 κεκτῆσθαι
1029 3547 1184 3599 scribamus
1204 3562 1267 3597 cum
1286 3543 1411 3598 Dielesio

240 3653 257 3683 κ
268 3634 314 3684 ‹oi›
340 3634 473 3700 ἐκτῆσθαι.

331 3747 348 3803 ⁵)
368 3741 475 3807 ἄγεσθαι
496 3741 529 3793 de
549 3740 727 3794 matrimonio
746 3741 883 3793 terminus
902 3745 954 3803 est,
970 3745 1002 3793 ut
1016 3741 1121 3802 dicunt,
1141 3739 1299 3794 technicns.
1318 3741 1411 3810 Asyn-

241 3830 335 3882 ‹letum
354 3832 461 3893 zurtam,
481 3830 555 3899 quod
575 3829 684 3893 dicitur,
705 3829 862 3883 tollendum
881 3846 937 3882 uon
957 3846 1019 3882 esse
1039 3847 1101 3883 curn
1121 3829 1264 3899 Dielesio¹‚
1294 3831 1340 3900 qui
1360 3847 1409 3898 pro

240 3919 367 3969 δοκοῦντα
387 3919 500 3986 legebat
518 3919 615 3969 δοκοῦν
633 3939 668 3982 τε,
688 3919 815 3987 superius
835 3918 1012 3972 enuntiatum
1028 3937 1045 3972 a
1059 3919 1169 3985 χαλεπὸς
1185 3937 1255 3973 voce
1274 3920 1411 3988 incipiens

241 4007 377 4060 declarat.

329 4114 349 4178 ⁶)
368 4115 408 4165 ἴσα
429 4122 534 4180 φρονεῖν
553 4116 594 4165 ἴοα
613 4115 712 4180 βαίνειν
737 4113 783 4176 S.¹‚
809 4116 850 4165 ἴοα
870 4121 1030 4180 φρονοῦντας
1050 4117 1090 4166 ἴσα
1109 4117 1244 4180 βαίνοντας
1270 4113 1317 4177 Sd,
1343 4115 1409 4175 ἐξώ-

239 4223 317 4254 οαντα
337 4203 382 4254 καὶ
401 4202 547 4263 ἐξωσθέντα
566 4204 684 4268 «Ιτιοοὺες
712 4205 779 4268 (ζῆτα
805 4202 951 4264 ἀξιώσαντα
970 4204 1023 4254 uri.
1044 4203 1139 4256 Diels¹.
