3030 4672
574 225 795 290 -65,

82 421 175 486 Non
198 420 305 506 igitur
329 419 492 485 dicendus
516 429 568 484 est
595 421 688 484 locus
719 419 917 484 communis.
962 420 1082 508 Neque
1104 420 1193 485 vatis
1227 423 1272 485 le·

85 528 210 612 gimus
247 549 383 592 carmen
415 526 570 609 sublime,
608 526 667 590 sed
700 526 981 591 declamationem
1013 526 1272 613 frigidissimam

87 633 295 719 philosophi
318 636 374 698 vel
398 633 611 717 soplristae;¹)
635 642 669 697 et
692 655 735 697 ne
758 633 864 718 lyrica
888 633 1025 717 quidem
1049 643 1158 698 metra
1182 644 1270 716 sunt,

85 742 154 805 sed
177 742 230 805 nil
254 741 320 805 nisi
344 741 522 826 anapaesti
537 762 655 804 versus
676 743 993 824 παρακαταλογάόην,
1017 749 1057 806 ut
1078 741 1270 820 nominant,

85 848 187 913 dicti.
225 848 414 921 ¹Praeterea
430 847 613 911 abhorrent
628 868 767 932 prorsus
791 848 979 911 sententiae
996 870 1016 911 a
1035 845 1166 912 tabulae
1189 848 1272 912 loce.

83 954 246 1030 Etenim,
271 977 347 1018 cum
370 954 500 1036 Medea,
535 975 619 1038 quos
643 975 775 1017 summo
798 975 912 1017 amore
935 963 1114 1036 amaverat,
1147 953 1272 1019 liberos

84 1061 169 1145 ipsa
184 1061 377 1126 interficere
393 1060 608 1142 decrevisset,
633 1082 702 1124 non
720 1069 799 1138 erat,
825 1083 883 1124 cur
899 1061 1020 1125 chorus
1038 1060 1170 1124 dolores
1194 1061 1272 1124 illos

83 1177 198 1254 atque
231 1190 326 1232 curas
359 1176 554 1252 exponeret,
589 1189 672 1250 quos
703 1167 901 1251 parentibus
934 1167 1135 1252 praeberent
1163 1168 1270 1251 liberi,

84 1296 172 1338 cum
202 1274 337 1359 magnis
369 1274 542 1339 laboribus
575 1274 709 1338 educati
742 1274 956 1355 decederent3
990 1274 1095 1338 immo
1129 1274 1273 1339 debebat

84 1380 332 1446 demonstrare
341 1380 486 1446 Veneris
502 1389 717 1464 contemptae
735 1380 784 1443 ira
800 1380 950 1464 superari
961 1382 1016 1444 vel
1031 1381 1205 1445 caritatem
1221 1381 1272 1443 in·

84 1509 160 1569 que
176 1488 302 1551 liberos
318 1509 477 1569 amorem,
492 1487 637 1551 debebat
654 1487 805 1551 misereri
824 1487 1008 1551 liberorum
1022 1488 1270 1568 moriturorum,

84 1595 251 1659 misereri
266 1594 395 1677 matris,
416 1616 509 1678 quae,
530 1616 607 1658 oum
624 1593 698 1677 ipsa
713 1604 849 1659 necaret
865 1595 990 1659 liberos
1007 1617 1094 1678 suos,
1119 1595 1271 1658 laborum

82 1701 288 1765 mercedem
310 1701 438 1764 nullam
461 1701 635 1785 reciperet.
666 1700 818 1781 Accedit,
834 1688 935 1785 'quod
954 1701 1139 1782 harmonia,
1164 1709 1203 1765 ut
1225 1701 1273 1764 ita

80 1803 221 1890 dicam,
246 1807 412 1871 sermonis
433 1807 585 1871 dissonat
601 1807 694 1890 quasi
719 1829 738 1870 a
758 1807 912 1871 versibus
936 1816 970 1872 et
994 1806 1272 1872 antecedentibus

80 1919 127 1975 et
155 1913 384 1997 sequentibus.
418 1913 549 1991 Quibus
572 1914 750 1997 perpensis
774 1913 929 1998 equidem
955 1913 1041 1977 mihi
1060 1914 1212 1998 persuasi
1231 1913 1272 1977 ad
1324 1943 1328 1951 ·

78 2013 201 2085 hocce
225 2021 388 2086 stasimon
407 2020 679 2104 componendum
696 2020 894 2104 Euripidem
919 2019 1052 2084 fabulae
1071 2028 1271 2105 argumento

78 2136 293 2202 permotum
316 2149 386 2191 non
410 2150 491 2192 esse.

186 2233 300 2318 Atque
324 2234 512 2298 accuratius
537 2234 757 2318 inspiciamus
772 2256 898 2298 versus,
932 2235 1187 2317 Praedicantur,
1214 2235 1271 2319 qui

78 2330 213 2404 liberis
229 2362 300 2404 non
324 2341 429 2424 partis
443 2341 623 2422 nescirent,
649 2351 763 2405 utrum
780 2341 877 2404 dulce
895 2341 1056 2424 quiddam
1081 2341 1149 2405 sint
1172 2341 1270 2405 liberi

77 2456 144 2507 an
168 2449 358 2511 molestum.
403 2447 491 2511 Nam
514 2470 632 2512 vacare
664 2470 721 2511 oos
753 2448 925 2511 laboribus
952 2458 992 2525 ¹et
1015 2471 1093 2512 cura
1125 2451 1271 2532 (μόχθος,

74 2556 228 2638 μελέτη),
253 2554 376 2639 quibus
394 2576 501 2638 usque
517 2564 680 2637 terantur,
706 2555 763 2638 qui
787 2555 946 2639 peperint
962 2577 1100 2619 suavem
1117 2555 1272 2638 quamvis

79 2662 229 2730 prolem
267 2663 432 2744 (γλυκερὸν
466 2664 651 2744 βλάστημα).
697 2662 784 2725 Nam
816 2661 1011 2742 curandum,
1046 2670 1085 2726 ut
1124 2671 1157 2725 et
1194 2661 1273 2725 edu-

81 2775 216 2832 ventur
239 2767 426 2832 liberaliter
454 2770 572 2850 (καλῶς
599 2772 733 2851 rpr‘qav)
767 2778 800 2833 et
832 2769 1026 2833 nutriantur
1050 2773 1182 2851 (βίοτος).
1228 2769 1273 2832 Et

82 2865 123 2929 Si
153 2896 253 2958 quam
277 2874 406 2960 optime
430 2875 513 2938 culti
537 2875 615 2956 sint,
646 2874 720 2937 fieri
744 2884 856 2938 tamen
882 2897 991 2958 posse,
1019 2883 1150 2939 utnon
1175 2875 1272 2959 probi

83 2971 251 3064 (χρηστοί)
272 2981 332 3045 sed
354 2981 536 3065 nequiores
552 2984 712 3064 (parmper)
733 2981 885 3045 evadant.
932 2982 983 3045 Ac
1007 2981 1098 3066 quod
1122 3004 1272 3045 summus

84 3079 145 3149 Sit
159 3087 264 3172 dolor,
289 3110 366 3153 oum
383 3097 418 3154 et
435 3089 557 3168 victus,
576 3089 633 3172 qui
658 3087 811 3170 sufficiat,
830 3097 1044 3172 comparatus
1064 3090 1109 3152 sit
1125 3098 1159 3154 et
1173 3089 1272 3152 liberi

84 3201 175 3258 Cum
199 3195 241 3258 ad
264 3195 383 3260 aetatis
406 3195 524 3259 florem
547 3206 621 3259 tum
645 3195 687 3258 ad
711 3196 913 3279 probitatem
937 3196 1167 3279 virtutemque
1200 3219 1272 3279 per-

82 3302 266 3381 venerint,
291 3310 382 3384 tunc,
408 3301 437 3365 si
451 3302 625 3365 Fortunae
641 3305 788 3384 (debiant)
804 3303 945 3385 placeat,
971 3301 1006 3363 in
1025 3302 1200 3365 Tartarum
1221 3324 1272 3364 ca-

83 3399 405 3474 rissimosmortem
416 3408 592 3492 surripere.
612 3409 778 3471 Miramur
788 3430 876 3491 sane,
891 3408 981 3491 quod
991 3410 1085 3472 nulla
1094 3408 1134 3472 fit
1144 3408 1271 3472 mentio

80 3514 321 3599 separationis
336 3524 517 3599 parentum
533 3515 783 3599 liberorumque
799 3515 900 3597 illius,
927 3537 1011 3599 quae
1028 3515 1144 3579 existit
1161 3515 1271 3597 exilio,

78 3624 217 3705 1ltpote
234 3621 324 3707 quod
338 3643 399 3705 pro
416 3619 548 3685 fabulae
573 3629 773 3705 argumento
794 3629 1037 3705 exspectemus.
1085 3621 1176 3698 Quae
1191 3644 1271 3684 vero

76 3708 254 3812 legimus,
273 3727 415 3793 eandem
428 3729 593 3813 praebent
605 3729 911 3813 argumentationis
925 3729 1101 3808 rationem,
1120 3750 1219 3811 quam
1235 3728 1270 3790 in

73 3818 331 3919 disputatione
363 3835 404 3899 de
437 3836 646 3900 matrimonii
680 3836 850 3900 laboribus
874 3836 1056 3900 adhibebat
1079 3835 1272 3919 Antiphon,

190 4037 206 4097 ¹)
227 4032 262 4087 cf.
286 4031 498 4085 Wilamowitzii
525 4033 552 4086 in
583 4032 797 4086 conversionem
826 4032 1021 4085 Germanicum
1051 4030 1271 4100 praelationem:

70 4141 91 4165 ν
101 4152 113 4164 ·
139 4122 211 4176 ..bis
226 4121 268 4176 ius
281 4120 404 4174 Trivialo
417 4121 584 4175 versinlreml
600 4128 653 4181 (am
669 4121 874 4185 sclrlimmsten,
890 4137 933 4173 uo
950 4121 997 4173 der
1011 4120 1085 4174 Chor
1099 4122 1221 4190 altivagi,
1237 4123 1272 4174 ob

66 4187 204 4263 Kinder
222 4210 267 4263 ein
285 4209 376 4280 Sagen
395 4215 492 4263 waren
513 4210 582 4263 oder
600 4210 687 4273 nicht)
704 4253 708 4263 .
727 4250 731 4259 .
749 4216 770 4262 .“
