3030 4672
629 39 849 69 -ῃ-

152 199 365 283 iungendum
381 222 455 264 esse
470 201 615 265 elucet.¹·
661 200 850 265 Haeremus
871 220 987 266 autem
1011 201 1049 266 in
1072 201 1200 269 Saitae
1223 202 1327 266 inter·

152 306 356 390 pretatione.
402 307 537 393 Quippe
569 309 629 392 qui
652 308 795 372 verbum
828 311 932 372 ὀκνεῖν
963 331 1033 372 nou
1066 312 1115 372 ἐπὶ
1138 311 1253 378 dranus
1272 311 1326 373 aa?

152 415 316 496 ῥᾳθυμίας
344 426 544 499 usurpatum
574 437 648 479 esso
680 414 874 479 contendat.
906 415 965 479 sed
993 419 1042 479 ἐπὶ
1066 424 1121 479 roi·
1143 418 1251 497 quidm·
1272 419 1326 479 aui

150 529 208 585 τοῦ
231 524 409 604 φοβεῖσθαι.
454 521 531 585 Non
546 522 679 586 suntin
703 520 896 606 fragmenta
914 522 999 606 ipso.
1024 544 1084 586 cur
1098 521 1181 586 haec
1197 522 1327 586 monita

151 649 228 692 esse
251 627 353 710 dicas,
376 650 590 713 quocumque
618 628 720 692 modo
748 629 983 713 interpretaris
1007 632 1102 693 δειλία
1125 644 1159 692 et
1183 632 1328 712 ῥᾳθυμὰι

152 755 264 798 voees.
309 733 515 799 Contaxtum
538 735 653 819 igitur.
688 757 754 818 quo
787 735 898 799 stabat
931 736 1023 801 olim.
1057 756 1192 799 causam
1224 732 1328 798 hrisse

151 840 350 925 ponendum
374 856 435 906 est
479 841 569 905 Nam
592 841 683 906 huuc
706 841 820 926 ipsum
845 843 956 906 locum
981 841 1181 926 explicaria
1205 841 1329 904 lexico·

151 947 286 1032 grapho
317 947 515 1031 tenendum,
557 971 667 1033 neque
699 948 803 1012 nimis
836 948 1055 1013 tribuendum
1088 946 1235 1032 superbo
1276 946 1327 1010 illi

152 1052 282 1118 Suidae
306 1058 336 1118 oi
358 1058 496 1138 ῥήτορες.

243 1162 357 1246 Atque
380 1161 422 1225 de
445 1161 504 1241 eis,
535 1162 594 1246 qui
617 1163 833 1247 appellantur
865 1165 968 1226 δειλοί,
1002 1183 1056 1225 res
1088 1178 1179 1226 certe
1210 1158 1328 1225 hremt.
1355 1161 1395 1231 ¹31-
1403 1162 1502 1216 δῖ’·-Ι

128 1266 242 1342 ¹Nam
264 1289 342 1332 cum
365 1267 469 1332 hocce
492 1269 568 1353 ipso
592 1269 732 1332 nomine
755 1269 909 1353 signatos
933 1290 1006 1332 esse
1031 1268 1118 1337 illos.
1147 1289 1232 1352 quos
1255 1266 1329 1332 des·

153 1372 275 1458 cripsit
296 1373 342 1459 ig.
358 1376 411 1457 55,
436 1397 547 1458 neque
569 1375 691 1460 probet
714 1384 953 1460 argumentum
978 1375 1174 1459 quodquam
1198 1383 1328 1439 certum

154 1502 264 1564 neque
287 1491 390 1564 vetet,
421 1482 625 1566 ignavorum
658 1482 897 1566 descriptionis
931 1482 1132 1566 particulam
1166 1481 1329 1546 habemus

154 1585 382 1672 fragmentum
407 1590 543 1672 ῦἹΙΙΞὸ,
574 1612 640 1674 quo
664 1612 684 1652 a
707 1588 864 1671 Stobae0‚
896 1589 951 1653 cui
982 1589 1048 1653 iam
1083 1610 1152 1652 nou
1185 1587 1328 1665 diffidas,

155 1692 191 1755 in
215 1693 327 1777 capite
349 1698 419 1777 περὶ
444 1698 556 1767 δειλίας
579 1697 686 1779 (1118.
702 1698 744 1762 18
755 1697 810 1777 Η.)
829 1710 962 1760 servato
980 1710 1162 1780 tantopere
1178 1694 1330 1778 incipere

156 1800 285 1884 aliquid
307 1801 427 1866 timere
451 1806 546 1867 ὁειλοί
563 1803 760 1886 dicuntur‚¹)
783 1813 822 1868 ut
837 1805 963 1867 malum
981 1803 1137 1866 morbum
1154 1816 1329 1885 tamquam

157 1907 246 1971 diem
270 1906 395 1973 festum
413 1910 592 1996 accipiant.
639 1910 707 1975 Sed
723 1911 876 1994 quaestio
894 1911 1016 1974 iterum
1033 1909 1149 1986 oritur,
1168 1930 1251 1971 num
1270 1930 1330 1972 sua

157 2015 337 2098 protulerit
354 2017 543 2102 Antiphon.
589 2017 674 2080 Nam
700 2017 874 2081 luculenta
893 2015 1110 2100 comparatiO,
1137 2037 1237 2099 quam
1256 2015 1330 2099 dig·

157 2122 333 2186 nissimam
357 2145 396 2188 eo
421 2145 493 2188 esse
516 2123 701 2189 existimes
726 2123 916 2187 hexametri
946 2133 1076 2207 partem
1110 2123 1250 2186 alteram
1274 2123 1330 2186 vol

158 2239 415 2313 anapaestorum
437 2253 595 2295 versuum
620 2231 804 2295 clausulam
829 2247 926 2293 sonat
958 2228 1168 2313 formamque
1191 2230 1332 2313 insuper

159 2333 264 2400 dativi
292 2337 433 2421 pluralis
455 2338 680 2423 antiquiorem
706 2337 800 2400 illam
825 2337 977 2400 continet
1006 2344 1045 2400 ut
1068 2346 1244 2421 poetarum
1275 2335 1332 2398 ad-

160 2443 266 2526 prime
282 2444 465 2528 propriam‚
482 2445 530 2509 ita
549 2445 585 2508 in
601 2444 828 2530 Antiphontis
845 2444 1001 2528 reliquiis
1021 2444 1141 2509 ceteris
1164 2464 1330 2526 nusquam

160 2551 420 2629 recurrenteml)
467 2552 556 2630 Quas
579 2552 622 2616 ob
654 2573 707 2615 res
732 2551 888 2635 equidem
921 2551 963 2614 de
994 2560 1115 2635 poetae
1144 2549 1330 2639 cuiusdam,

161 2657 312 2738 quamvis
335 2657 457 2743 ignoti,
482 2658 572 2723 dicto
595 2659 709 2742 aliquo
734 2658 968 2743 cogitaverim,
993 2680 1104 2742 neque
1124 2656 1227 2721 verba
1249 2656 1333 2720 haec

160 2762 197 2825 ad
213 2763 441 2848 Antiphontis
465 2764 601 2829 dicendi
624 2788 723 2829 usum
747 2764 981 2829 deliniendum
1005 2762 1254 2844 adhibuerim.³)
1284 2762 1333 2826 At

160 2878 270 2934 tamen
294 2870 528 2937 testimonium
552 2882 698 2956 praestO,
724 2872 834 2956 egisse
855 2872 1108 2956 Antiphontem
1129 2870 1170 2934 de
1194 2868 1334 2954 ignavia

160 2979 212 3041 vel
234 2977 379 3062 ignavis.

245 3084 410 3149 Necnon
434 3085 476 3150 de
499 3107 592 3150 more
617 3086 691 3170 ipso
716 3086 850 3151 diverso
880 3109 918 3150 ac
942 3086 1110 3151 contrario
1143 3085 1332 3169 disputasse
1360 3091 1398 3160 fg.
1409 3091 1508 3145 (57:121

160 3191 301 3259 videtur.
347 3191 560 3276 Numquid?
592 3215 707 3256 nonne
733 3214 789 3256 eos
813 3193 1023 3276 vituperatos
1048 3215 1131 3275 esse,
1158 3192 1216 3276 qui
1238 3193 1332 3256 nullo

161 3297 299 3362 consilio
334 3321 406 3362 rem
440 3298 584 3381 adirent,
624 3299 721 3362 testis
755 3307 807 3361 est
839 3299 962 3381 glossa,
1002 3321 1101 3382 quam
1138 3298 1333 3363 adhibuisse

248 3459 265 3522 ¹)
284 3460 379 3524 πρᾶξιν
397 3457 533 3528 appellat,
553 3459 628 3529 quod
648 3459 676 3510 in
696 3457 815 3528 reliquis
834 3458 1003 3526 fragmentis
1019 3457 1091 3512 dixit
1109 3460 1191 3525 ἔργον.

247 3545 266 3612 ²)
286 3546 322 3600 cf.
349 3546 563 3601 thner·Blass
588 3547 752 3616 11§105,
766 3549 791 3599 5.
829 3546 1021 3601 Meisterhans
1049 3547 1172 3600 Gramm.
1202 3546 1229 3599 d.
1248 3563 1274 3599 a.
1293 3547 1333 3608 1.³,

158 3653 182 3705 p.
203 3636 265 3691 126.
301 3635 389 3690 Usum
408 3650 471 3690 esse
490 3635 650 3690 huiusmodi
677 3637 768 3690 forma
796 3635 826 3689 in
846 3636 970 3706 pedestri
1000 3636 1131 3690 oratione
1160 3653 1216 3688 uon
1244 3636 1333 3689 solum

157 3725 307 3780 Platonem
333 3725 378 3787 (cf.
397 3726 487 3780 Adam
515 3726 551 3780 ad
570 3724 723 3796 Rempubl.
743 3726 754 3777 1
773 3726 826 3779 330
845 3727 877 3788 B)
904 3725 956 3779 sed
982 3726 1069 3779 etiam
1088 3724 1333 3794 Thrasymachum

156 3813 236 3867 haud
254 3814 364 3884 ignoro.

247 3903 266 3968 ⁸)
285 3903 495 3973 Antiphontem
513 3918 546 3956 se
564 3903 660 3972 ipsum
683 3904 817 3957 laudasse
845 3904 921 3956 haud
949 3903 1121 3973 putaverim,
1151 3919 1243 3972 neque
1271 3908 1335 3955 utar

153 3991 303 4055 hocloco,
322 4008 378 4062 quo
398 3992 432 4045 de
451 3992 532 4062 epico
552 3992 598 4045 vel
617 3993 725 4061 tragico
745 3996 831 4061 poeta
850 3992 1016 4061 cognomini
1032 3993 1181 4063 quicquam
1201 3990 1333 4044 efficiam.
