3030 4672
746 195 967 260 ,66-

267 388 350 473 quin
374 387 486 471 qualia
509 398 609 472 poet-a
632 385 769 472 profert,
795 388 876 453 talia
892 388 967 473 ipsa
987 388 1228 473 philosophum
1247 390 1444 475 exposuisse

267 493 544 559 concluderemus
567 516 704 558 necesse
728 504 800 559 erat
823 495 888 576 (vd.
913 517 1014 579 supra
1036 516 1092 580 pg.
1115 496 1201 575 28).¹l
1251 496 1344 573 Quae
1369 520 1443 561 cum

268 602 315 665 ita
339 601 416 681 sint,
451 623 505 664 me
530 600 667 685 quidem
692 600 803 665 iudice
836 600 978 665 dubium
1011 624 1079 665 non
1113 603 1328 686 relinquitur,
1364 604 1444 688 quin

267 706 523 791 Antiphonteae
559 706 800 791 disputationis
835 708 968 789 notitia,
1007 718 1046 773 ut
1079 731 1138 772 sna
1170 719 1347 793 pangeret,
1382 710 1445 774 hoc

268 837 401 899 quoque
425 815 497 877 loco
522 813 682 878 inductus
706 814 749 878 sit
774 815 965 898 Euripides.

356 920 484 984 Eadem
508 920 624 984 valent
649 920 683 982 in
708 943 762 984 vv.
779 921 845 986 230
861 942 931 1004 sqq.
977 921 1047 986 Ubi
1063 922 1245 1006 Euripides
1262 923 1445 987 mulierum

266 1026 436 1091 fortunam
462 1027 618 1090 miseram
643 1025 837 1090 describens
862 1027 1042 1091 mulierum
1066 1028 1173 1092 vitam
1198 1028 1320 1092 eodem
1344 1029 1445 1094 modo

266 1135 448 1219 vituperat,
473 1155 539 1218 quo
564 1133 664 1199 modo
687 1134 879 1218 Antiphon,
905 1135 963 1218 qui
986 1133 1129 1199 laminas
1154 1136 1295 1200 omnino
1330 1138 1446 1221 negle-

267 1249 371 1325 geret,
389 1241 641 1324 vituperaverat
656 1241 817 1307 virorum.
855 1242 970 1326 Atque
995 1250 1171 1306 enumerat
1195 1242 1333 1325 quidem
1358 1243 1445 1307 sicut

267 1348 325 1410 ille
349 1348 484 1431 singula
507 1348 595 1411 mala
626 1348 692 1411 alia
716 1348 793 1411 aliis
826 1370 932 1432 usque
956 1333 1135 1425 maiora.²)¹
1164 1349 1318 1413 Primum
1353 1349 1444 1413 enim

268 1455 346 1518 dote
376 1455 513 1537 insuper
537 1453 614 1518 data
646 1477 713 1519 non
748 1455 871 1518 sociam
906 1477 1043 1519 suavem
1077 1455 1136 1519 sed
1158 1464 1344 1540 tyrannum
1380 1456 1444 1520 sibi

269 1584 379 1624 emere
412 1561 626 1642 m.ulierem,³')
659 1561 783 1625 deinde
810 1584 950 1625 revera
982 1561 1195 1626 subeundum
1228 1584 1299 1626 non
1334 1565 1442 1628 solum

269 1689 441 1750 magnum,
459 1667 518 1730 sed
535 1668 729 1751 maximum,
755 1668 878 1751 dequo
897 1669 1011 1732 omnia
1026 1668 1211 1752 pendeant,
1232 1670 1443 1752 certamen,4)

269 1773 430 1836 nimirum
443 1795 512 1836 non
526 1775 635 1837 solum
647 1788 762 1838 utrum
773 1782 904 1858 gratam
914 1798 957 1838 an
967 1775 1137 1858 ingratam
1149 1775 1274 1839 sociam
1287 1776 1443 1861 accipiat,

269 1879 326 1943 sed
349 1892 464 1943 utrum
489 1879 664 1943 dominum
690 1882 833 1964 probum
859 1904 902 1945 an
928 1883 1062 1945 malum.
1108 1882 1195 1946 Nam
1215 1883 1352 1946 mulieri
1376 1905 1445 1947 non

268 1987 376 2050 solum
391 2008 459 2050 non
474 1986 655 2051 honestum
669 2009 741 2051 esse
757 1988 943 2052 divortium
954 1986 1159 2076 lacerosum
1172 1989 1304 2071 marito,
1332 1989 1389 2052 sed
1404 2012 1445 2053 ne

269 2093 445 2178 repudiare
462 2094 599 2177 quidem
617 2116 821 2177 quemquam
839 2094 948 2158 licere.
972 2093 1224 2158 Difficillimum
1241 2103 1356 2160 autem
1374 2118 1446 2159 esse

216 2200 218 2207 ’
268 2209 306 2265 ut
321 2223 382 2284 pro
400 2222 511 2263 rerum
528 2208 628 2283 atque
648 2200 934 2264 consuetudinum
954 2201 1106 2266 novitate
1126 2203 1257 2286 placere
1276 2203 1445 2284 marit03⁶l

269 2307 393 2370 sivero
412 2306 566 2389 quamvis
590 2306 748 2370 omnibus
765 2308 937 2371 amuliere
955 2308 1053 2372 rebus
1068 2308 1202 2392 magnis
1222 2331 1299 2372 cum
1323 2309 1447 2373 labori·

268 2414 331 2477 bus
350 2413 495 2497 peractis
519 2413 648 2477 invitus
672 2422 786 2477 tamen
807 2415 1005 2499 coniugium
1021 2413 1107 2480 ferat
1123 2415 1273 2496 maritus,
1298 2424 1446 2480 mortem

268 2519 502 2583 iucundiorem
533 2542 605 2584 esse
630 2543 730 2604 quam
763 2522 865 2585 talem
890 2522 1032 2603 vitant)
1077 2522 1164 2586 Nam
1197 2521 1271 2585 viro
1304 2523 1448 2606 propin-

269 2648 412 2711 quorum
436 2649 499 2690 usu
523 2627 643 2691 satiato
670 2638 771 2711 atque
804 2637 970 2712 pertaeso,
1003 2637 1043 2692 ut
1066 2629 1150 2692 alios
1175 2627 1284 2711 adeat,
1319 2642 1447 2712 patere,

361 2846 377 2904 ¹)
396 2840 430 2893 In
449 2838 577 2893 minutiis
598 2855 709 2910 quoque
728 2839 881 2908 Euripidea
907 2856 971 2893 cum
990 2839 1191 2910 Antiphonteis
1211 2840 1387 2910 conspirant.
1425 2841 1447 2894 E

269 2929 378 2999 quibus
399 2946 461 2982 curn
480 2931 572 2983 locum
591 2929 683 2998 ipsum
702 2928 905 2998 exscripserint,
924 2935 1037 2999 praetor
1059 2929 1187 2998 singulas
1201 2946 1289 2983 voces
1308 2946 1448 2984 memora-

268 3018 345 3071 visse
364 3019 434 3071 satls
453 3017 492 3071 sit
511 3018 554 3071 dei
574 3018 619 3071 vel
639 3018 773 3071 fortunae
792 3019 910 3084 (δαίμων)
931 3022 1104 3088 potestatem
1124 3021 1153 3072 et
1176 3017 1359 3072 enuntiatum
1378 3019 1445 3072 illud

270 3106 426 3175 primarium
455 3107 500 3158 καὶ
524 3107 556 3174 δὴ
576 3107 621 3159 καὶ
640 3107 696 3163 ἅλις
715 3107 767 3158 κτὲ.
796 3124 846 3176 pro
875 3108 1044 3161 secundario
1072 3109 1096 3159 εἰ
1117 3094 1150 3160 δὲ’
1168 3107 1214 3159 καὶ
1238 3107 1292 3158 κτέ.
1320 3108 1446 3176 positum

270 3194 315 3257 (cf.
335 3195 519 3264 Antiphontis
539 3196 602 3261 ιμὲρε
621 3195 654 3263 δὴ
674 3196 719 3247 καὶ
737 3196 809 3258 κτὲ1

360 3306 378 3363 ²)
399 3301 434 3353 cf.
453 3303 505 3353 232
525 3302 555 3358 ἃς
574 3310 665 3366 πρῶτα
683 3301 732 3368 μὲν
750 3302 793 3352 δεῖ
809 3341 814 3352 .
835 3342 840 3352 .
862 3342 867 3352 .
887 3303 939 3355 234
957 3310 1042 3354 κακοῦ
1061 3301 1109 3370 γὰρ
1128 3303 1205 3354 τοῦτό
1222 3301 1334 3369 γ’ἅιῖγιον
1353 3304 1447 3355 κακόν.

359 3409 377 3471 ³)
397 3408 427 3464 ἃς
446 3415 538 3473 πρῶτα
563 3407 612 3473 μὲν
635 3411 677 3460 δεῖ
699 3409 842 3476 χρημάτων
867 3409 1020 3478 ὑπερβολῇ]
1033 3410 1108 3460 πόσιν
1126 3409 1251 3475 πρίασθαι
1271 3409 1402 3476 δεσπότην
1421 3430 1447 3462 τε

269 3498 397 3564 σώματος.

359 3604 377 3667 ⁴)
397 3603 448 3655 κάν
472 3603 534 3670 τῷὸ’
559 3602 631 3670 ἀγὼν
654 3604 777 3669 μέγιστος,
801 3605 817 3671 ἢ
842 3604 927 3656 κακὸν
950 3604 1039 3671 λαβεῖν
1053 3604 1095 3674 [ἢ
1114 3605 1233 3671 χρηστόν.
1263 3603 1299 3658 cf.
1329 3605 1447 3675 Anllph.

268 3694 347 3759 μέγας
367 3691 415 3759 γὰρ
435 3693 506 3759 ἀγὼν
520 3693 601 3760 γάμος
620 3692 763 3758 ἀνθρώπῳ.

360 3806 377 3864 ⁵)
397 3799 428 3850 οὐ
447 3798 495 3866 γὰρ
514 3800 628 3856 εὐκλεεῖς
649 3798 790 3866 docilique*
801 3801 943 3866 Ῐγυναιξίν,
962 3800 1018 3852 οὐδ’
1031 3801 1086 3852 οἷόν
1098 3801 1118 3851 τ’
1134 3800 1279 3867 ἀνήνασθαι
1293 3801 1378 3853 πόσιν.
1388 3799 1401 3869 J
1410 3801 1447 3859 εἰς

269 3886 347 3939 καινὰ
365 3889 389 3938 ‹l’
409 3889 462 3955 ἤθη
482 3888 526 3939 καὶ
546 3889 641 3954 νόμους
660 3887 804 3954 ἀφιγμένην
813 3893 824 3957 l
834 3889 876 3939 ὸεῖ
891 3888 983 3954 μάντιν
1001 3887 1074 3952 εἶναι,
1092 3888 1129 3956 μὴ
1147 3889 1286 3955 μαθοῦσαν
1304 3890 1448 3959 οἴκοθεν,1

269 3977 341 4033 ὅπως
361 3978 441 4038 (ὅπως
461 3994 524 4029 cum
544 3977 682 4029 Meillekio
702 3976 859 4044 legendum)
878 3976 987 4042 μάλιστα
1005 3978 1127 4045 χρήσεται
1146 3977 1292 4046 σιινευνέτῃ.

359 4083 377 4146 ⁰)
397 4083 448 4134 κᾶν
465 4082 514 4149 μὲν
533 4083 588 4135 τάδ’
608 4084 669 4150 ἡμῖν
688 4083 916 4149 ε’κπονονμείἀισιν
935 4084 1068 4153 adludere
1092 4088 1200 4152 ξυνοικῇ
1222 4084 1259 4154 μὴ
1285 4087 1331 4154 βίαι
1355 4086 1447 4154 φέρων

269 4173 354 4238 ζυγόν,
365 4174 376 4237 J
386 4171 500 4238 ζηλωτὸς
519 4172 597 4224 αι’ών·
617 4173 641 4223 εἰ
658 4171 687 4222 di
704 4172 751 4238 μή,
770 4173 859 4224 θανεῖν
877 4173 972 4239 χρεών.
993 4174 1161 4244 cf.A11tlph.
1180 4173 1266 4226 δεινὸν
1283 4175 1337 4228 κτὲ.
