3030 4672
591 186 790 250 -9-.

104 386 215 442 autern
241 379 334 442 nulla
363 379 429 442 alia
462 379 618 461 ratione¹)
650 402 730 444 usus
761 381 974 446 distribuisse
998 383 1142 466 videtur,
1177 405 1276 467 quam

102 492 141 549 ut
163 486 288 549 oratori
311 485 481 550 orationes
500 487 698 571 vindicaret,
723 488 821 552 alteri
847 498 957 552 cetera
982 489 1132 570 omnia.²)
1168 490 1277 567 Quare

104 591 247 677 Didymi
280 592 448 656 sententia
471 615 532 677 pro
555 592 788 677 fundamento,
822 594 859 658 in
889 617 954 678 quo
987 604 1060 660 tota
1092 594 1276 679 disputatio

104 700 332 782 exstruatur3),
367 721 439 764 esse
463 721 532 763 non
556 709 679 783 potest.
721 701 796 765 Ηοο
818 708 951 765 tantum
977 701 1107 785 liquido
1138 710 1278 786 apparet

104 816 184 872 nota
203 805 306 872 iuisse
325 807 546 891 grammatico
567 807 694 892 scripta
711 807 939 893 Antiphontis
957 809 1097 873 nomine
1116 809 1276 893 insignia,

105 936 188 996 quae
208 915 382 998 appellare
403 914 512 978 licuit:
548 909 638 1000 λόγοι
661 913 798 1002 portani,
825 909 913 1001 λόγοι
938 914 1158 1005 δημηγορικοί,
1187 910 1274 1002 λόγοι

107 1015 229 1097 ιολῑοις
244 1014 360 1103 ὅμοιοι,
379 1021 455 1104 περὶ
476 1011 646 1109 ἀληθείας.
667 1022 743 1106 περὶ
765 1014 926 1106 ὁμονοίας,
948 1016 1128 1100 πολιτικός.
1149 1022 1276 1099 Quodsi

103 1127 170 1190 viri
193 1128 351 1190 nonnulli
375 1126 500 1191 eruditi
524 1128 590 1192 sibi
620 1135 860 1212 persuaserunt
882 1126 1071 1212 Didymum
1095 1127 1182 1191 hanc
1206 1129 1278 1213 opi-

104 1234 244 1297 nionem
268 1242 326 1297 aut
350 1234 385 1297 in
410 1232 617 1318 praefatione
646 1233 882 1298 commentarii
914 1233 951 1296 in
985 1235 1155 1298 orationes
1178 1233 1278 1298 Anti-

105 1340 272 1423 phonteas
304 1341 487 1425 compositi
519 1348 577 1403 aut
608 1339 773 1425 peculiari
806 1339 891 1404 libro
926 1340 1131 1424 exposuisse,
1166 1362 1277 1404 errare

103 1447 272 1512 videntur.
296 1447 501 1511 Huiusmodi
519 1446 608 1511 enirn
633 1446 712 1511 libri
736 1448 865 1510 nullum
891 1456 950 1512 aut
973 1456 1104 1512 certum
1122 1455 1180 1512 aut
1202 1470 1278 1532 pro-

105 1554 217 1618 babile
256 1554 454 1638 vestigium3
494 1576 557 1617 nec
595 1554 685 1617 ullus
725 1553 915 1639 Didymeae
955 1554 1127 1640 opinionis
1162 1563 1278 1618 auctor
1351 1543 1354 1549 ’

105 1671 239 1744 praeter
261 1661 515 1745 Hermogenem
539 1666 585 1743 (et
609 1660 770 1741 Suidam).
814 1660 967 1745 Accedit,
994 1661 1082 1746 quod
1111 1660 1277 1725 dissimile

104 1767 178 1831 veri
193 1774 244 1831 est
259 1767 403 1853 Didymi
421 1776 531 1833 aetate
555 1767 809 1852 Antiphontem
830 1780 996 1833 oratorem
1016 1768 1057 1832 ab
1080 1766 1277 1831 hominibus

104 1874 246 1938 eruditis
269 1883 364 1938 tanto
389 1874 500 1938 studio
524 1882 705 1938 tractatum
739 1896 821 1955 esse,
852 1885 900 1958 ut,
925 1875 954 1939 si
978 1874 1052 1959 quis
1076 1874 1211 1959 copiose
1236 1874 1278 1938 de

105 2003 143 2043 eo
169 1981 391 2062 disseruisset,
416 1981 560 2064 gratiam
584 1982 674 2066 apud
693 1983 848 2066 aequales
871 1982 1017 2046 initurus
1040 1980 1169 2047 fuisset.

192 2143 244 2206 Ne
257 2141 444 2227 Dionysius
458 2141 594 2225 quidem
611 2142 919 2207 Halicarnassensis
941 2143 1057 2227 magni
1076 2143 1276 2208 aestimabat
1303 2157 1505 2228 Dionysiusfla

105 2271 205 2331 quem
229 2250 338 2312 solum
361 2248 511 2333 respexit
534 2260 712 2330 oratorem,
746 2272 855 2334 neque
890 2249 931 2314 de
960 2249 1182 2315 distinctione
1215 2249 1275 2312 illa
1304 2232 1508 2284 ¹¹⁰³m³⁵S⁰¹¹⁸¹⁸

107 2355 285 2438 quicquam
309 2354 420 2419 habet.

194 2497 261 2560 Sed
288 2497 478 2564 claritatem
507 2495 673 2562 referebat
695 2497 922 2583 Antiphontis
950 2498 1085 2563 nomini
1114 2497 1277 2583 Dionysii
1305 2514 1451 2572 Caecilius,

104 2605 252 2687 aequalis
265 2603 430 2668 Caecilius
444 2603 646 2669 Calactinus.
672 2604 737 2682 Qui
750 2605 987 2670 Atticistarum
1002 2628 1085 2691 quos
1097 2605 1277 2670 nominant

104 2712 272 2795 princepe,
289 2718 328 2775 ut
344 2710 532 2775 studiorum
543 2711 859 2795 Antiphonteorum
872 2711 1022 2776 subsidia
1035 2713 1275 2797 suppeditaret,

105 2829 139 2881 et
180 2817 447 2900 disputationem
480 2817 609 2901 primus
643 2817 794 2883 instituit
825 2818 1031 2902 peculiarem
1064 2828 1098 2882 et
1130 2819 1276 2882 lexiourn

105 2924 246 3008 paravit.
300 2922 414 3008 Atque
450 2924 594 2988 eundem
631 2947 707 2989 eum
744 2934 880 3010 putasse
915 2933 1092 3007 oratorem,
1130 2924 1277 2989 Socratis

105 3032 284 3101 aemulum.
309 3029 476 3114 tragicum
500 3053 577 3094 cum
601 3054 643 3095 ex
667 3032 742 3096 aliis
766 3031 866 3096 rebus
890 3040 1040 3117 apparet,
1073 3039 1145 3095 tum
1170 3031 1279 3095 evita

104 3138 163 3200 illa
182 3136 417 3220 Antiphontis,
439 3159 523 3222 quae
543 3139 604 3202 sub
624 3138 796 3203 Plutarchi
816 3138 957 3203 nomine
975 3160 1153 3223 perperam
1172 3136 1279 3202 iertur

196 3334 212 3392 1)
233 3334 273 3386 De
303 3349 430 3386 sermone
450 3331 525 3386 enirn
544 3331 713 3403 cogitabant
732 3337 846 3404 praeter
864 3332 937 3387 alios
956 3333 1019 3386 Joel
1039 3333 1066 3386 Il
1085 3333 1146 3396 639,
1170 3333 1279 3387 Croiset

105 3423 228 3475 Histoire
247 3430 301 3476 eto.
321 3422 357 3474 lV
376 3422 419 3475 84.

194 3533 214 3594 ²)
235 3528 442 3583 Emendandus
462 3530 536 3582 enim
554 3531 633 3582 locus
657 3529 867 3599 spinosissimas
894 3545 958 3582 cum
977 3529 1104 3599 Sauppio
1130 3528 1177 3597 (cf.
1197 3529 1278 3582 Blass

104 3620 166 3671 Att.
186 3617 313 3670 Bcredts.
333 3617 363 3670 12
381 3635 408 3688 p.
428 3618 488 3685 108,
512 3619 537 3682 2,
565 3618 682 3687 Antiph.
710 3617 815 3671 οιιιλλ.2
838 3635 862 3687 p.
882 3617 969 3685 Xhll;
995 3616 1112 3679 Diels2l:
1148 3616 1228 3683 οὗπερ
1254 3619 1281 3668 οἱ

104 3707 209 3772 φονικοὶ
237 3706 359 3773 φέρονται
384 3707 429 3759 καὶ
455 3709 482 3758 οἱ
504 3707 675 3774 δημηγορικοὶ
694 3727 738 3758 και
757 3708 812 3758 ὅσοι
832 3707 930 3764 τούτοις
949 3707 1032 3772 ὅμοιοι
1053 3737 1086 3744 -
1110 3705 1190 3772 οὗπερ
1209 3707 1278 3757 οἵτε

104 3796 164 3861 περὶ
184 3803 229 3862 τῆς
248 3795 372 3861 ἀληθείας
390 3796 503 3863 λέγονται
522 3796 591 3863 λόγοι
609 3795 654 3846 καὶ
673 3796 688 3846 ὁ
705 3795 764 3861 περὶ
784 3795 904 3861 ὁμονοίας
923 3795 967 3846 καὶ
987 3796 1002 3846 ὁ
1019 3795 1157 3853 πολιτικός.

193 3901 214 3966 ³)
234 3903 274 3956 Ut
293 3902 433 3972 Sanppius
452 3903 543 3957 voluit
562 3902 730 3972 praedicans
756 3901 851 3955 locum
880 3902 1104 3971 Hermogeneum
1132 3905 1277 3970 tamquam

103 3991 183 4044 illurn
204 4007 276 4061 „quo
295 3991 391 4045 nullus
410 3992 438 4045 in
458 3993 513 4045 hac
532 3991 699 4062 quaestione
718 3989 831 4060 gravior
857 3991 950 4044 οεοοϋι
975 3992 1012 4060 (p.
1031 3991 1066 4059 5),
1091 3990 1278 4060 laudibusque

105 4081 245 4133 extollens
277 4080 427 4149 Didymum
455 4087 600 4152 tamquam
630 4079 790 4149 „hominem
819 4080 971 4148 superioris
990 4080 1095 4133 saeculi
1122 4078 1279 4132 eruditione

104 4168 325 4239 exquisitissima
344 4176 374 4224 et
393 4170 602 4223 reconditarum
622 4169 725 4223 notitia
744 4169 900 4222 litterarum
919 4169 1074 4238 insignem“
1095 4175 1131 4238 (p.
1151 4169 1185 4232 6).
