3030 4672
568 231 790 296 -63-

61 424 320 510 Antiphontis
350 427 411 490 οὐκ
436 428 476 488 ἂν
502 427 657 508 δυναίμην
686 429 751 509 ζῆν.
809 423 971 489 Concinit
1001 424 1091 508 quod
1121 425 1268 490 Alcestis

65 541 145 597 est
167 534 245 616 γονὴ
278 534 384 615 ἀρίστη
409 536 476 612 (W.
499 532 543 595 83
568 535 638 615 sq.)‚
663 535 846 614 καταθομία
877 531 962 614 (231.
992 532 1067 597 880.
1091 531 1177 613 AS),
1213 535 1268 597 νέα

65 640 188 722 (471).
237 638 328 716 Quin
351 637 599 722 Antiphonteis
623 637 707 721 ipsis
730 646 922 722 permotum
948 660 1021 702 esse
1038 646 1173 722 poetam
1190 660 1269 703 con-

65 744 240 826 iecerim,
271 753 311 809 ut
333 742 482 808 fabulam
506 752 725 830 componeret
755 744 796 808 de
819 766 922 808 uxore
956 744 1129 809 carissima
1160 753 1269 810 morte

71 873 151 917 sua
174 851 358 936 coniugem
382 860 417 916 et
439 850 606 915 liberante
630 862 664 917 et
688 850 803 914 dolore
827 849 1004 916 afficiente.

180 957 237 1021 Ad
259 957 513 1042 Antiphontem
536 955 678 1022 fortasse
711 957 799 1023 redit
827 958 930 1022 etiam
953 957 1109 1024 Pheretis
1133 981 1165 1023 v.
1190 959 1268 1026 712:

77 1073 181 1149 ψυχῇ
203 1074 263 1149 μιᾷ
286 1069 351 1148 ζῆν,
375 1067 414 1128 οὐ
439 1067 526 1128 δυοῖν
550 1067 724 1147 ὀφείλομεν,
751 1063 964 1150 eundemque
980 1062 1121 1130 fortasse
1137 1074 1270 1150 spectat

78 1192 219 1255 magna
253 1170 312 1234 illa
343 1169 501 1234 Herculis
534 1169 735 1234 declamatio
768 1173 844 1252 (773
869 1175 962 1256 εφη),
998 1193 1063 1256 qua
1094 1171 1268 1261 miseriam

80 1276 329 1363 vilitatemque
346 1276 436 1342 vitae
460 1276 577 1361 ipsius,
602 1285 641 1340 ut
656 1277 806 1360 potando
823 1277 978 1359 amando,
1003 1277 1083 1341 dum
1101 1277 1209 1359 liceat,
1231 1300 1269 1342 ea
1351 1290 1352 1294 ’

81 1382 251 1468 fruamur,
277 1384 419 1449 suadere
436 1384 578 1468 exponit
594 1383 914 1468 conclusionemque
931 1383 1012 1448 facit
1032 1384 1124 1447 hisce
1140 1384 1268 1449 verbis:

83 1510 275 1590 (799-802lt
301 1499 396 1588 dacae
419 1509 455 1575 de*
479 1504 621 1597 ίίνηεοὲς
646 1504 751 1597 {trucci
775 1509 829 1573 rat
855 1515 983 1595 φρονεῖν
1005 1508 1112 1595 χρεών,

299 1607 345 1694 ὥς
366 1622 436 1694 τοῖς
460 1639 494 1701 γε
516 1620 645 1698 σεμνοῖςΙ
668 1614 724 1680 καὶ
748 1615 1033 1702 οινωφρειομίνοις

299 1715 427 1789 ἅπασίν
450 1723 546 1797 ἐστιν,
574 1715 619 1800 ὥς
642 1722 743 1808 γ’ἒμοὶ
766 1727 907 1812 χρῆσθαι
934 1727 1033 1810 κριτῇ,

298 1819 334 1894 oa‘·
357 1828 429 1913 βίος
453 1819 591 1917 ἀληθῶς
615 1820 632 1893 ὁ
654 1827 735 1912 βίος,
762 1819 845 1894 ἀλλὰ
868 1823 1054 1916 sinconis)

182 1952 347 2018 Necnon
372 1953 406 2016 in
431 1962 617 2018 ceterarum
642 1953 840 2038 tetralogiae
861 1952 1051 2017 fabularum
1067 1951 1268 2037 fragmentis

77 2060 239 2144 vestigia
255 2060 484 2144 Antiphontis
508 2059 809 2143 deprehendimus3
832 2082 909 2123 cum
927 2060 1121 2125 Cressarum
1141 2057 1187 2143 fg.
1203 2060 1267 2124 463

76 2176 258 2251 congruat
273 2165 412 2251 eumfg.
429 2167 669 2251 Antiphonteo
685 2166 765 2249 49‚²)
782 2167 979 2231 Alcmeonis
995 2168 1038 2234 78
1055 2188 1132 2229 eum
1149 2166 1268 2230 eodem

73 2266 175 2353 495³)
197 2273 340 2358 Telephi
364 2274 430 2342 714
453 2286 486 2337 et
511 2295 585 2337 curn
611 2273 715 2337 hoece
738 2271 929 2358 fragmento
954 2274 1075 2336 -vel
1100 2273 1157 2354 eis,
1184 2295 1268 2358 quae

73 2393 139 2440 ex
162 2401 198 2443 eo
228 2379 402 2445 effecimus
427 2419 469 2428 —
494 2389 529 2445 et
552 2402 629 2443 cum
653 2380 754 2445 titulo
777 2384 867 2464 τέχνη
892 2383 1031 2451 ἀλυπίας.

184 2487 256 2565 Quo
280 2496 435 2571 tempore
459 2486 566 2571 igitur
590 2487 809 2570 tetralogiam
826 2496 1054 2571 componeret,
1081 2487 1268 2552 sententias

70 2581 346 2677 Antiphonteas
362 2593 430 2657 iam
446 2593 600 2676 cognitas
617 2586 775 2656 habuisse
790 2593 999 2677 Euripidem,
1017 2594 1170 2657 libellum
1187 2614 1267 2677 ergo

68 2687 369 2784 Antiphonteum
387 2700 454 2763 iam
472 2701 669 2784 evrrlgatum
685 2699 788 2763 fuisse
801 2700 1107 2781 concludendum.⁴)
1130 2700 1267 2764 Etcum
1359 2780 1361 2787 Ι

67 2813 183 2870 1lova
197 2829 307 2891 neque
329 2815 465 2871 vetusta
488 2817 625 2890 poetam
649 2820 790 2887 tangere
810 2807 996 2870 verisimile
1020 2807 1074 2883 sit,
1099 2806 1188 2869 haud
1212 2807 1268 2870 ab·

65 2894 208 2978 horret
219 2936 239 2978 a
249 2913 489 2998 probabilitate
506 2914 659 2977 libellum
676 2935 746 2976 non
758 2915 904 2978 multum
924 2922 1002 2976 ante
1018 2913 1150 2977 fabulas
1166 2923 1265 2996 actas,

66 2999 98 3068 i·
134 3041 159 3082 e.
182 3042 250 3084 non
273 3021 383 3084 multo
407 3030 486 3085 ante
510 3044 536 3084 a.
561 3022 628 3085 438
652 3019 790 3084 initium
815 3021 1046 3105 conscriptum
1071 3043 1151 3084 esse.

182 3232 276 3297 Inter
300 3242 486 3309 errantem,
511 3255 596 3317 quae
621 3243 755 3297 servata
779 3243 859 3297 sunt
882 3234 1000 3318 Aegei,
1026 3233 1157 3316 Thesei,
1182 3234 1269 3318 Hip-

61 3338 204 3425 Dolyti
226 3340 361 3426 prioris²
386 3341 543 3424 trilogiae
568 3341 596 3403 si
621 3354 712 3404 recta
736 3341 850 3424 posuit
867 3341 908 3404 de
924 3341 1153 3404 Wilarnowitz
1177 3341 1268 3423 (Eur.

62 3436 308 3467 μ.

184 3517 200 3580 ¹)
221 3517 256 3571 ef.
275 3516 374 3570 Nestle
393 3534 418 3587 p.
438 3518 498 3581 502,
518 3519 566 3585 373
586 3517 633 3587 qui
654 3515 821 3571 conferebat
840 3517 943 3570 Herod.
962 3516 977 3568 I
996 3517 1038 3577 32,
1058 3515 1106 3567 Vll
1126 3516 1168 3567 49.

182 3605 200 3668 2)
220 3606 256 3660 cf.
277 3606 363 3660 etiam
382 3606 421 3675 fg.
440 3606 493 3659 lor
513 3624 576 3659 euru
595 3605 784 3674 Antiphontis
804 3604 843 3673 fg.
863 3606 905 3660 64.

182 3696 200 3758 ³)
220 3695 288 3748 Cum
309 3695 450 3748 Stohaeus
479 3711 534 3748 nou
564 3694 701 3747 adiecerit
729 3695 783 3748 nisi
814 3695 957 3762 Είρνπίὸοο
974 3693 1144 3758 Ἀλκμέωνος,
1174 3698 1268 3746 utrum

64 3768 239 3838 Alcmeoni
259 3785 286 3837 in
306 3783 450 3851 Psophide
469 3798 506 3836 an
525 3784 669 3836 Alcmeoni
689 3784 717 3836 iu
738 3784 871 3837 Corintho
896 3782 1108 3836 attrilmendum
1137 3783 1175 3836 sit
1194 3782 1268 3851 frag-

66 3867 227 3940 1laentum,
246 3872 275 3925 in
293 3871 426 3940 ambiguo
445 3871 673 3942 relinquendum:
694 3873 868 3942 conspiratio
888 3873 1012 3925 fortasse
1027 3871 1203 3940 suffragetur
1221 3873 1268 3925 illi.

181 3961 200 4025 4)
219 3960 357 4015 Fortasse
376 3959 539 4030 Euripidem
568 3963 725 4015 sententias
745 3961 956 4029 Antiphonteas
986 3978 1041 4014 nou
1071 3961 1127 4013 iarn
1155 3961 1268 4031 legisse,

72 4048 144 4103 Sed
156 4051 192 4104 ab
205 4054 322 4103 auctore
336 4049 396 4119 ipso
410 4049 526 4103 audisse
541 4050 659 4117 obicias3
675 4051 724 4103 sed
739 4052 870 4120 quoniam
885 4050 1029 4120 Antiphon
1044 4050 1268 4104 declamationes

76 4135 142 4191 vix
160 4137 269 4204 habuit,
288 4155 344 4191 nou
365 4139 459 4208 potuit
479 4140 531 4191 nisi
558 4138 698 4209 colloquio
726 4140 771 4192 rel
800 4140 947 4209 colloquiis
976 4138 1088 4193 habitis.
1125 4139 1165 4192 Et
1184 4140 1268 4193 exsti·

79 4215 189 4280 terunt
206 4233 303 4281 tamen
322 4227 378 4280 iarn
398 4234 458 4281 tum
478 4229 646 4290 sententiae,
668 4245 740 4297 quae
759 4229 881 4298 scriptae
900 4234 1002 4297 postea
1022 4229 1186 4282 edebantur.
