3030 4672
742 220 959 283 ..30-

266 412 376 475 simile
392 410 504 493 fiebat,
528 412 631 476 hacce
654 411 840 476 affirmatur
864 413 898 475 in
926 413 1010 477 libro
1034 417 1104 496 περὶ
1123 416 1273 496 ὁμονοίας
1296 413 1444 479 infuisse

266 518 348 581 olim
371 518 463 583 vitae
486 517 783 602 vituperationem.

355 623 423 688 Sed
447 625 658 710 quambene
683 626 752 689 illic
777 626 917 692 steterit.
944 626 1139 712 priusquam
1156 626 1442 710 demonstremus,

265 754 348 795 num
373 731 457 794 aliae
482 753 615 816 quoque
646 733 718 796 eius
741 732 902 818 reliquiae
932 742 1069 816 praesto
1093 734 1203 797 adhuc
1226 733 1305 817 sint,
1340 755 1444 821 quae-

266 860 387 901 ramus,

355 945 511 1009 Fortasse
535 967 574 1009 oo
603 945 752 1029 pertinet
780 944 988 1029 fg.69f114:
1029 950 1183 1030 βαλίάοιν·
1208 949 1273 1010 ἀντὶ
1295 955 1351 1011 τοῦ
1377 955 1444 1018 ταῖς

267 1055 389 1134 ἀρχαῖς
410 1055 564 1134 Ἂντιαιῖνν
586 1055 656 1135 περὶ
680 1055 838 1135 ὁμονοίας,
864 1075 940 1117 cum
960 1053 1060 1117 initio
1084 1053 1150 1116 ianr
1171 1063 1308 1136 turgere
1331 1053 1442 1119 vitam

268 1158 413 1222 miseriis
436 1159 541 1222 totius
565 1159 803 1242 castigatorem
827 1159 1075 1225 demonstrasse
1095 1168 1237 1223 constet.

355 1283 512 1346 Fortasse
537 1305 578 1346 ex
601 1283 752 1347 eiusdem
777 1283 1018 1369 disputationis
1041 1292 1139 1368 parte
1164 1305 1210 1365 ea,
1241 1283 1374 1370 quade
1404 1284 1444 1347 li·

267 1389 357 1453 beris
373 1390 428 1453 vel
446 1389 533 1453 bene
548 1391 603 1453 vel
629 1390 717 1453 male
739 1390 879 1454 moratis
902 1391 1076 1475 agebatur,
1101 1391 1239 1475 dempta
1260 1401 1311 1455 est
1327 1391 1444 1475 glossa

268 1499 458 1579 qqtetpma·
492 1498 645 1578 Ἀντιφῶν
664 1500 696 1559 ἐν
719 1505 764 1578 τῷ
787 1499 857 1578 περὶ
876 1500 1037 1580 ὁμονοίας·
1062 1501 1217 1571 ἐξαπάτας
1236 1497 1399 1580 (711119).

357 1619 553 1683 Certissima
577 1641 657 1684 vero
682 1619 822 1685 adeam
850 1621 1070 1705 relegandum
1099 1622 1243 1684 alterum
1271 1619 1445 1705 fragmen-

268 1736 351 1809 tum,
377 1725 467 1811 quod
491 1726 526 1788 in
544 1726 726 1791 Stobaeani
740 1726 898 1811 florilegii
916 1728 1027 1812 capite
1043 1749 1092 1809 ec,
1119 1727 1209 1812 quod
1223 1735 1275 1790 est
1292 1730 1364 1810 περὶ
1388 1736 1445 1792 τοῦ

268 1838 339 1918 βίον
364 1836 409 1897 ὅτι
431 1834 553 1916 βραχὺς
575 1837 645 1915 nra,
683 1833 772 1898 nudo
800 1856 915 1898 rursus
944 1833 1172 1917 Antiphontis
1195 1832 1336 1897 nomine
1362 1834 1447 1898 alla·

269 1959 343 2005 trun
366 1963 386 2004 a
408 1939 559 2003 Dielesio
583 1941 628 2004 50
650 1940 728 2004 sede
753 1940 952 2024 ponebatur,
978 1963 997 2003 a
1019 1940 1150 2003 Blaesio
1174 1942 1245 2004 133.
1292 1938 1359 2004 Sed
1386 1940 1447 2005 ob-

271 2047 400 2112 scurius
424 2068 616 2131 expressam
641 2046 846 2112 sententiam
870 2047 1113 2110 commentario
1137 2046 1293 2130 indigere
1310 2055 1344 2111 et
1360 2047 1447 2111 alio·

272 2177 345 2218 rum
370 2154 595 2219 correctiones
619 2163 654 2217 et
675 2154 854 2218 Bnreschii
878 2153 1022 2238 amplior
1044 2153 1280 2237 interpretatio
1304 2153 1448 2220 indicat.

271 2261 384 2325 Vertit
407 2261 498 2324 enirn
522 2259 579 2324 hic
601 2264 668 2345 (pg.
692 2261 760 2341 81):
796 2260 896 2345 „Vita
916 2259 1152 2326 adsimulanda
1175 2268 1227 2324 est
1249 2259 1448 2343 captivitati

272 2369 339 2450 (vel
356 2367 539 2447 custodiae)
563 2367 786 2451 temporariae
809 2366 841 2449 (i.
858 2389 885 2430 6.
905 2366 1012 2446 brevi)
1028 2367 1185 2451 vitaeque
1210 2366 1358 2451 spatium
1382 2367 1448 2432 uni

273 2475 341 2539 diei
365 2514 408 2522 -
431 2481 469 2538 ut
492 2475 542 2540 ita
566 2474 674 2538 dicam
700 2512 742 2520 —
766 2494 867 2559 quem
892 2483 1070 2558 postquam
1094 2474 1204 2537 lucem
1229 2473 1449 2557 suspeximus

273 2583 305 2665 (i.
331 2606 356 2646 e.
381 2582 507 2646 reversi
531 2582 567 2644 in
592 2581 736 2664 aethera,
766 2580 896 2645 scilicet
918 2580 1010 2644 unde
1034 2579 1100 2644 orti
1123 2583 1250 2661 sumus)
1278 2579 1450 2646 tradimus

273 2689 417 2774 posteris
441 2687 545 2752 61116.ιι
594 2689 645 2752 Ao
668 2695 757 2752 recte
782 2687 918 2773 quidem
948 2687 1113 2771 exemplis
1144 2686 1366 2751 confirmabat
1398 2687 1449 2769 (in

273 2819 416 2861 excursu
437 2795 505 2858 VH
527 2817 559 2879 p.
585 2797 660 2877 131)
684 2802 718 2859 et
740 2798 868 2878 φρουρά
891 2816 1011 2859 vocem
1034 2816 1102 2857 non
1132 2795 1450 2877 661111111ὸνφρον-

272 2913 389 2986 ροῦντα
405 2902 527 2985 (statio²
548 2901 724 2984 custodia),
745 2901 926 2966 sedetiam
949 2904 1025 2983 τὸίν)
1049 2903 1292 2984 φρουρούμενον
1311 2904 1450 2983 (carcer,

273 3009 465 3096 captivitas,
491 3008 655 3089 custodia)
679 3007 849 3090 denotare,
876 3016 910 3072 et
932 3011 1091 3091 ἐφήμερος
1114 3030 1184 3071 non
1203 3008 1313 3071 solum
1331 3008 1452 3073 valere

275 3117 411 3204 proprie
436 3116 480 3198 id,
505 3115 593 3201 quod
620 3123 671 3179 est
689 3114 881 3196 „diurnus“‚
899 3114 957 3179 sed
974 3115 1076 3178 etiam
1093 3120 1323 3199 praegnanter
1340 3123 1453 3199 „tem-

274 3226 436 3311 perenne,
474 3222 594 3301 brevis,
627 3212 788 3287 zeitlich‘l
821 3223 916 3287 velut
947 3221 1049 3285 Thuc.
1073 3221 1108 3284 Π
1140 3223 1192 3304 53,
1220 3222 1248 3289 1.
1295 3219 1364 3284 Sed
1387 3221 1452 3287 vix

275 3331 441 3416 spondeas
470 3332 654 3414 ἀναβλέπειν
676 3331 757 3411 πρὸς
779 3331 814 3393 τὸ
837 3337 909 3412 φῶς
939 3329 1054 3393 Valere
1079 3328 1122 3408 id,
1153 3327 1243 3412 quod
1274 3336 1326 3392 ost
1354 3330 1454 3393 πάλιν

272 3443 397 3524 βλέπειν
420 3440 500 3521 πρὸς
522 3440 557 3501 τὸ
581 3444 653 3520 φῶς
675 3437 731 3500 vel
758 3438 886 3521 „lucem
910 3456 1024 3499 rursus
1049 3434 1255 3519 adspicere,“
1281 3434 1302 3499 1.
1322 3456 1350 3499 e.
1372 3449 1454 3519 ’,16-

276 3547 364 3612 verti
400 3545 434 3608 in
470 3544 607 3609 aethera
642 3543 732 3607 unde
765 3542 831 3608 orti
864 3542 1008 3606 61111116.α
1066 3542 1185 3627 Neque
1218 3540 1320 3604 huius
1350 3541 1454 3607 verbi

276 3653 426 3718 notionis
457 3651 596 3736 gemina
629 3660 708 3715 sunt
736 3652 981 3724 ἀναποδίζεοθαι
1010 3649 1045 3712 τὸ
1068 3650 1160 3712 πάλιν
1184 3651 1333 3722 ἐξετάζειν
1365 3651 1455 3732 (περὶ

277 3763 425 3844 ἀληθείας
448 3762 476 3824 α’
510 3759 621 3842 1384)
656 3759 712 3822 Vel
746 3759 923 3821 ἀναθέσθαι
957 3758 1065 3820 πεττὸν
1091 3755 1248 3838 (521106).
1293 3752 1340 3818 Et
1364 3754 1455 3841 quid

277 3867 343 3932 sibi
365 3868 441 3932 vult
464 3870 586 3950 ἡμέραν
608 3866 868 3947 παρεγγυᾶσθαιὶ)
913 3862 1014 3927 Haud
1037 3862 1135 3927 aliter
1157 3860 1309 3945 intelligi
1332 3869 1454 3945 potest

278 3974 357 4038 nisi:
384 3974 518 4061 „Unum
542 3973 640 4036 illum
658 3993 759 4058 quem
774 3970 892 4035 vivere
915 3970 1014 4034 nobis
1035 3968 1231 4034 conceditur
1246 3967 1336 4031 diem
1353 3970 1455 4035 velut

274 4081 458 4146 stationem
489 4081 555 4162 (vel
588 4088 758 4159 tesseram,
784 4076 931 4161 signum,
960 4076 1108 4159 losnng,
1140 4073 1271 4156 Parole)
1302 4075 1455 4157 posteris

275 4187 571 4253 1111161111111111116.ιι
618 4186 674 4269 Α1,
698 4207 781 4248 nuni
806 4183 973 4247 rationem
995 4181 1049 4245 his
1074 4181 1185 4246 inesse
1209 4179 1301 4247 dicat
1316 4180 1454 4248 sobrius
