3030 4672
561 241 777 303 -03-

169 432 330 497 Amicum
353 435 407 497 vel
438 434 607 498 allocutus
642 457 675 497 re
703 457 782 497 vera
804 435 858 497 vel
893 434 1018 517 alloqui
1053 456 1088 498 se
1121 434 1257 519 lingens
1285 434 1479 487 Govrin-‘io-

87 550 205 623 auctor,
231 540 400 623 quomodo
425 540 555 624 optime
579 541 598 603 i.
624 566 650 603 0.
674 541 715 604 ab
749 540 920 603 aarunmis
951 562 1050 624 quam
1085 541 1259 605 liberrima

86 645 152 711 vita
174 645 258 710 haee
281 657 351 710 tarn
374 669 442 710 una
462 669 559 731 quam
580 648 792 711 miseriarum
812 659 953 729 turgens
974 647 1106 711 institui
1131 658 1257 732 posset,

86 752 319 837 praecipiebat.

169 859 324 943 Apellari
336 859 444 943 igitur
456 860 569 944 potuit
581 860 716 923 libellus
735 861 836 948 Τέχνη
850 851 1004 941 citrariae,
1025 871 1127 946 atque
1139 860 1257 925 eadem

87 967 236 1049 quamvis
259 966 415 1030 uberiore
440 966 672 1049 disputatione
697 966 866 1049 tractavit,
901 988 985 1050 quae
1008 967 1164 1031 versibus
1187 968 1259 1031 suis

86 1080 212 1137 veteres
236 1073 318 1137 olim
343 1082 462 1157 poetae
487 1073 637 1157 elegiaci.

168 1179 291 1244 Editus
314 1190 427 1245 autem
452 1180 492 1243 ab
518 1180 723 1244 Atheniensi
746 1180 894 1243 Athonis
918 1202 994 1243 cum
1028 1194 1105 1265 post
1130 1202 1257 1245 annum

86 1286 145 1349 442
160 1294 233 1350 tum
249 1295 327 1351 ante
343 1288 486 1367 4381111
500 1287 578 1367 431)
590 1287 848 1371 antiquissimus
865 1287 1005 1350 omnino
1021 1295 1081 1353 est.
1099 1308 1261 1371 quorum·

87 1412 224 1477 cumque
241 1393 397 1457 notitiam
424 1393 587 1457 habemus
611 1394 803 1457 libellorum
828 1393 977 1477 pedestri
998 1394 1153 1458 oratioue
1169 1394 1262 1457 Atti-

87 1519 186 1582 coque
210 1520 365 1564 sermono
390 1500 667 1583 cormoriptorunr.
709 1501 904 1583 Locumque
928 1509 1025 1565 tenet
1047 1500 1140 1564 inter
1154 1500 1261 1565 Hera-

87 1605 200 1669 clitum
226 1617 259 1670 et
282 1607 527 1670 Democritum.

167 1713 375 1796 Respectum
392 1735 472 1776 voro
497 1714 655 1777 habuissa
672 1714 744 1776 cius
763 1713 947 1798 apparebat
963 1734 1039 1776 cum
1057 1712 1259 1797 Euripidem

85 1822 151 1881 tum
176 1819 428 1883 Antisthenem.
476 1820 540 1897 llui
574 1820 707 1903 dialogo
741 1842 760 1883 a
790 1819 1025 1903 Xenophonte
1048 1818 1162 1901 (Mem.
1185 1818 1203 1883 I
1226 1822 1259 1897 th

83 1925 249 2009 exscripto
273 1927 499 2011 Antiphontis
531 1926 660 1989 inimici
698 1948 839 2009 persona
871 1936 1000 1990 tectum
1032 1924 1258 2015 redarguebat

81 2027 270 2096 Isocratem.

169 2139 260 2221 Alia,
286 2163 370 2223 quaa
396 2140 557 2223 praebent
581 2140 786 2224 testimonia,
812 2139 854 2203 ad
877 2146 1054 2204 auctorem
1077 2160 1141 2223 pro
1164 2160 1259 2203 certo

79 2244 202 2309 relerre
226 2247 421 2329 nequimus3
455 2270 564 2331 noque
589 2246 774 2310 diiudicare
798 2246 905 2327 licuit,
931 2266 1015 2309 num
1040 2244 1133 2309 idem
1156 2244 1260 2311 fuerit

78 2363 179 2437 atque
213 2368 324 2445 orator
360 2354 596 2418 lthamnusius.

168 2460 309 2524 Librum
334 2461 447 2544 ipsum
473 2460 633 2525 reiectum
659 2464 760 2545 logan,
787 2482 922 2544 quaese,
947 2458 986 2523 in
1009 2458 1212 2545 appendice.

169 2603 385 2671 [llissmtationo
404 2621 465 2656 mea
485 2605 561 2672 prelo
581 2603 636 2655 iam
656 2604 785 2656 subiecta
803 2602 915 2657 libellus
932 2600 1004 2655 mihi
1018 2600 1159 2673 pen'enit.
1177 2618 1260 2669 quem

83 2692 115 2745 de
138 2693 236 2745 eodem
263 2698 429 2761 argumento
457 2692 621 2761 corneripsit
649 2692 742 2760 lhlgar
759 2692 870 2761 Jacoby
888 2690 1086 2745 Berolinensis
1112 2690 1164 2751 (De
1180 2691 1262 2743 Anti-

82 2781 195 2850 phontis¹
215 2782 361 2851 sophistae
379 2782 437 2848 ,11ρὶ
457 2782 577 2846 ernincia:
597 2780 675 2834 libro.
713 2781 786 2834 lliss.
805 2780 905 2851 inaug.
923 2778 1021 2835 Berol.
1038 2777 1207 2849 ›telvm-l.
