3030 4672
20 2699 192 2769 complexio.

744 227 962 290 ..52-

263 419 353 483 hanc
376 441 510 504 quoque
535 420 570 482 in
595 442 789 504 remquam
813 421 959 485 maxime
984 419 1094 503 refert,
1119 420 1258 505 siquis,
1283 420 1362 485 dum
1381 420 1419 484 sui

264 525 417 589 nondum
429 544 481 590 est
491 526 633 593 arbitrii.
644 541 823 611 parentum
838 528 1028 612 praeceptis
1041 527 1200 592 oboedire
1211 534 1421 592 consueverat.

265 632 364 697 Certe
388 633 469 697 talia
493 655 626 718 quoque
651 635 780 720 optime
797 634 1039 719 quadraverint
1055 635 1091 698 in
1107 634 1217 699 libelli
1232 642 1422 718 argumente

263 740 477 804 Difficillime
512 762 564 804 res
601 750 652 805 est
686 740 888 825 disceptatu,
924 764 1000 806 cum
1035 764 1078 806 ne
1118 742 1153 805 id
1189 741 1328 826 quidem
1361 762 1422 805 con-

265 856 342 927 stet,
368 846 450 930 quid
473 847 540 911 sibi
563 848 674 911 velint
697 847 802 912 verba
831 847 890 911 illa
919 853 961 919 εἷς
983 851 1122 933 μεγάλην
1144 850 1323 932 μεταβολὴν
1345 850 1424 917 ἰόντες

264 956 494 1037 ἕκπίήοοοονιο.
524 954 612 1018 Nam
629 955 759 1018 nescire
776 978 831 1019 ine
847 955 1019 1035 confiteor,
1035 965 1150 1019 utrum
1167 954 1293 1019 dixerit
1309 962 1422 1018 auctor:

266 1083 329 1145 ,μα
352 1060 452 1124 novis
476 1060 575 1124 rebus
599 1061 776 1126 studentes
800 1062 1065 1145 percellerentur
1083 1070 1121 1143 (s,
1138 1060 1369 1143 eicerentur),“
1390 1082 1424 1124 an

265 1190 328 1251 „ne
352 1167 451 1231 aliter
473 1167 590 1231 vivere
614 1167 646 1249 qi.
671 1190 698 1231 e.
722 1167 894 1249 oboedire)
925 1168 1035 1233 coacti
1060 1168 1369 1253 perturbarentur,“
1391 1188 1424 1229 an

264 1296 328 1352 „ne
344 1273 451 1337 animi
464 1273 631 1338 discordia
646 1274 811 1339 intestina
827 1286 900 1339 orta
915 1273 1197 1359 tranquillitatem
1210 1272 1421 1341 amitterent.“

263 1378 331 1444 Sed
370 1402 504 1465 quoquo
543 1381 644 1446 modo
685 1382 922 1465 interpretaris
959 1381 1199 1465 fragmentum,
1239 1388 1332 1444 certe
1368 1400 1423 1443 non

263 1486 391 1571 probat.
418 1510 503 1571 [pirae
526 1488 811 1553 Wilamowitzius
835 1489 978 1572 putavit,
1003 1488 1158 1572 exposita
1175 1486 1280 1552 finisse
1303 1487 1424 1551 haecce:

265 1593 325 1679 ⁸,In
349 1644 383 1656 ..
408 1594 519 1657 einem
537 1594 745 1659 Altruismus
764 1645 771 1658 .
792 1646 798 1658 .
818 1646 825 1658 .
849 1595 934 1679 liegt
950 1594 1009 1658 das
1032 1595 1122 1675 Heil,
1148 1616 1184 1659 so
1207 1594 1344 1659 kommt
1358 1615 1423 1656 man

262 1722 304 1763 zu
328 1703 512 1783 α’·ὁαιμονία
536 1752 542 1764 .
563 1752 595 1764 ..
642 1701 715 1765 Nur
747 1700 802 1765 die
835 1701 1019 1785 geordnete
1051 1700 1284 1765 menschliche
1310 1699 1423 1765 Gesell-

262 1804 380 1887 schaft,
406 1806 466 1871 der
489 1806 585 1873 Staat
608 1807 702 1871 kann
727 1807 776 1871 sie
800 1808 940 1892 geben*

353 1985 526 2068 Quotquot
550 1985 657 2069 igitur
679 1985 779 2049 flores
801 1985 1034 2069 Antiphontei
1056 1984 1321 2048 luculentissimi
1346 1980 1419 2068 apud

263 2090 446 2156 Stobaeunr
464 2102 608 2173 exstant,
632 2091 674 2155 ad
690 2114 796 2155 unum
819 2095 889 2174 περὶ
906 2095 1056 2174 ὁμονοίας
1071 2091 1225 2155 libellum
1242 2089 1418 2154 referendos

262 2220 334 2261 esse
358 2198 509 2282 ipsorum
535 2210 568 2262 et
596 2199 674 2262 stilo
700 2206 734 2262 et
766 2199 946 2263 sententiis
979 2197 1271 2282 comprobabatur.
1317 2198 1417 2280 Neque

261 2305 438 2369 miraberis
468 2305 533 2368 hoc
556 2305 776 2369 scrutationis
800 2318 935 2387 eventu,
956 2327 1032 2369 cum
1057 2304 1315 2369 celeberrimum
1338 2304 1416 2368 illum

262 2411 373 2495 ipsum
387 2410 490 2475 fuisse
503 2410 816 2495 sententiarumque
833 2412 1012 2496 splendore
1024 2412 1196 2497 insignem
1209 2411 1416 2476 Philostratus

262 2518 551 2601 opportunissime
574 2525 718 2582 testatus
742 2518 824 2599 sits)

352 2695 418 2760 Sed
442 2694 633 2779 fragmenta
663 2696 745 2759 haec
778 2707 958 2779 postrema,
993 2718 1068 2759 cum
1100 2695 1142 2759 ad
1177 2695 1330 2760 libellum
1360 2692 1414 2772 arpi

262 2806 412 2885 ὁμονοίας
444 2803 648 2880 rettulimuS,
682 2802 850 2885 quomodo
884 2802 1071 2886 digerenda
1110 2823 1256 2886 cumque
1294 2797 1413 2884 reliquis

261 2907 497 2993 componenda
520 2919 642 2993 essent,
667 2909 820 2973 nondum
836 2909 1086 2992 inquisivimus.
1109 2909 1229 2994 Neque
1245 2918 1284 2975 ut
1299 2909 1412 2973 nullum

259 3016 473 3101 relinquatur
513 3015 665 3097 dubium,
711 3016 885 3080 absolvere
928 3038 1026 3100 posse
1067 3015 1301 3099 quaestionem
1346 3008 1414 3078 mihi

259 3123 387 3186 videor.
438 3122 486 3185 At
518 3131 632 3186 tamen
665 3122 730 3186 hoc
764 3122 898 3205 quidem
934 3120 1151 3187 manifestum
1189 3130 1242 3186 est
1274 3139 1415 3206 praecep·

259 3238 371 3293 torum
405 3229 540 3292 illorum
574 3229 689 3292 onmia
722 3252 794 3293 esse
822 3229 1039 3313 particrrlas²)
1099 3229 1266 3293 Necnon
1290 3231 1415 3314 apparet

260 3336 362 3400 talem
401 3336 648 3399 instituendam
691 3358 763 3399 esse
796 3336 1035 3420 digestionem,
1078 3357 1163 3420 quae
1205 3357 1317 3422 neque
1354 3352 1416 3400 oum

259 3442 335 3506 libri
378 3443 595 3506 lineamentis
636 3443 772 3506 iamiam
811 3443 1007 3507 constitutis
1042 3442 1211 3526 discrepet
1244 3465 1365 3527 neque,
1388 3445 1418 3503 ut

258 3550 455 3613 lacunarum
478 3549 640 3612 maiorem
669 3571 848 3613 numerum
881 3561 1076 3632 statuamus,
1111 3557 1218 3633 cogat.
1267 3549 1356 3627 Quas
1385 3545 1418 3611 ob

259 3678 311 3719 res
334 3656 585 3718 verisimillima
607 3669 689 3740 puto
713 3656 809 3718 haec:
832 3656 913 3719 Post
931 3655 1198 3740 disputationem
1214 3656 1323 3740 illam,
1348 3675 1420 3741 quae

350 3837 365 3895 ¹)
387 3874 480 3884 .....
500 3833 719 3899 οοιμοιικιὸταιος
739 3833 767 3883 ὁὶ·
786 3835 801 3881 ὁ
821 3833 883 3899 {wip
909 3841 953 3900 τῆς
973 3835 1102 3899 ὁμονοίας,
1120 3833 1149 3884 ἓν
1167 3832 1191 3900 ᾧ
1210 3835 1380 3903 γνωμολογίαι
1400 3851 1422 3883 τε

257 3923 371 3988 λαμπραὶ
384 3923 429 3974 καί
442 3944 456 3988 q
465 3923 550 3988 ιίὸοοα
557 3943 589 3981 οι,
607 3922 688 3988 σεμνή
702 3943 728 3971 τι·
742 3923 879 3989 ἀπαγγελιίι
894 3923 938 3974 καὶ
951 3922 1126 3989 imparitatem
1140 3931 1286 3989 ποιητικοῖς
1300 3924 1423 3990 ὀνόμασιν,

257 4012 302 4062 καί
321 4011 351 4062 τὰ
370 4011 503 4077 ἀποαίὸην
522 4011 713 4077 ἕομιμίιίίμει·α
728 4011 894 4077 παραπλήσιοι
909 4019 963 4062 τῶν
975 4013 1074 4063 πεδίων
1088 4020 1140 4069 τοῖς
1154 4012 1231 4069 λείοις
1247 4014 1311 4075 (443,
1325 4009 1424 4071 ὓίθὶὲἺ.

347 4125 365 4179 ²)
386 4119 425 4186 fg.
439 4119 472 4171 tl
488 4119 721 4171 Wilanrouitnius
741 4119 767 4171 iu
783 4119 860 4171 ritae
875 4119 1112 4187 vituperationem
1125 4119 1272 4174 referebat
1284 4124 1426 4192 tamquam

256 4207 451 4261 testimouium
472 4207 607 4261 miseriae.
