3030 4672
726 242 939 307 „90-

241 436 422 522 tiphonteo
439 436 691 502 convenientes
714 436 921 521 Fragmenta
932 436 992 500 illa
1004 435 1080 500 dico
1093 435 1280 520 sophistica
1291 445 1419 519 vetera,

241 565 327 629 quae
356 567 398 607 ex
427 543 616 609 Jamblichi
646 565 741 607 muro
769 543 962 629 Byzantino
996 551 1031 608 61
1061 542 1268 627 protraxisse
1301 551 1336 608 et
1368 566 1422 608 re-

240 651 394 736 posuisse
407 650 533 715 Blassii
548 650 590 714 de
605 649 730 714 nostris
754 650 876 714 studiis
894 672 964 714 non
984 650 1167 713 minimum
1180 657 1233 714 est
1247 650 1420 716 meritum.

241 756 333 834 Quae
356 755 547 841 fragmenta
570 765 661 822 certe
685 756 939 841 pretiosissima,
972 756 1031 841 qui
1063 756 1250 838 invenerat,
1280 757 1335 821 vir
1368 778 1421 821 66

240 863 440 948 gacissimus
457 863 732 948 diligentissime,
750 885 835 947 quae
852 871 1083 948 perscrutatus
1102 871 1200 945 esset,
1218 862 1422 929 deliberatis

240 969 362 1034 61161
387 969 511 1048 omnia,
545 978 580 1035 at
612 983 726 1034 tamen
750 969 912 1055 pleraque
936 993 978 1035 ex
1000 969 1228 1054 Antiphontis
1252 973 1421 1054 Ἀληθείας

238 1076 326 1141 11116
344 1076 512 1161 descripta
528 1098 601 1141 esse
617 1076 684 1140 sibi
699 1077 876 1161 persuasit.
919 1075 986 1141 Sed
1002 1077 1094 1140 hunc
1108 1076 1263 1140 libellum
1283 1074 1421 1142 fontem

237 1181 343 1248 1111666
362 1205 473 1267 neque
488 1183 641 1247 Blassius
665 1183 833 1267 probabat
855 1183 924 1247 nisi
948 1181 1139 1268 fragmento
1157 1204 1226 1247 uno
1243 1205 1263 1247 6
1278 1205 1314 1247 66
1329 1183 1419 1268 ipso,

237 1297 277 1354 111
300 1299 503 1374 congrueret
526 1312 603 1354 cum
626 1289 883 1374 Antiphonteis,
909 1291 1076 1371 mutat0,¹)
1105 1296 1139 1353 61
1162 1289 1270 1353 libelli
1294 1289 1418 1374 ipsine,

239 1396 354 1480 qualia
376 1397 512 1462 restitui
534 1405 688 1482 possunt,
719 1397 926 1461 lineamenta
957 1418 1095 1481 prorsus
1118 1404 1248 1462 vetant.
1295 1396 1420 1482 Neque

238 1503 446 1568 sententiam
459 1503 593 1568 firmare
605 1512 758 1588 possunt,
773 1526 857 1588 quae
869 1503 1066 1588 nuperrime
1078 1502 1270 1587 proferebat
1286 1502 1421 1569 816116-

237 1609 310 1674 laus
334 1610 522 1674 Schneider
544 1610 669 1691 (Wien,
694 1610 788 1675 Stud.
812 1610 937 1674 XXVI
959 1600 1151 1694 (1904l‘pp.
1176 1609 1329 1693 13-24),
1365 1619 1420 1676 ut-

237 1706 317 1800 pote
343 1738 427 1800 quae
450 1739 520 1781 non
549 1717 704 1781 nitantur
735 1717 803 1781 nisi
831 1726 865 1781 et
893 1717 1059 1802 Spengeli
1086 1716 1154 1781 loci
1181 1717 1420 1802 Hermogenei

238 1823 475 1888 emendatione
507 1822 594 1887 16166
627 1833 661 1889 61
692 1822 961 1909 fragmentorum
994 1823 1018 1888 J
1020 1823 1304 1888 amblichensium
1337 1847 1418 1889 oum

236 1921 392 2013 ὁμονοίας
415 1930 522 1994 libelli
547 1939 760 2014 argumente,
786 1930 876 2015 quod
895 1929 1120 2014 Gomperzius
1143 1929 1416 2014 adumbraverat,

236 2035 463 2120 discrepantia
481 2035 532 2119 (61.
546 2058 647 2121 supra
659 2059 690 2121 p.
704 2036 834 2103 746111.
848 2038 895 2119 2).
917 2037 1033 2120 Atque
1046 2059 1081 2100 re
1095 2059 1175 2101 vera
1188 2037 1417 2121 Gomperzius

235 2143 307 2224 (ll.
331 2142 405 2206 adn.
425 2145 467 2227 3),
492 2143 703 2227 argumentis
726 2152 844 2207 tamen
870 2143 1013 2224 omissis,
1045 2142 1237 2227 fragmenta
1267 2143 1310 2207 ad
1335 2136 1417 2228 ὁμό-

234 2274 327 2314 νοιαν
350 2250 530 2333 relegabat,
555 2273 618 2314 nec
641 2272 710 2313 non
734 2250 973 2314 Duemmlerus
996 2251 1063 2334 (Kl.
1088 2249 1181 2314 Schr.
1204 2249 1222 2312 I
1247 2251 1312 2314 118
1331 2254 1417 2336 sqq.)

235 2377 311 2419 cum
335 2355 436 2420 huius
459 2356 569 2420 libelli
585 2355 740 2422 frustulis
756 2357 779 2421 J
781 2358 1026 2422 amblichensia
1042 2357 1196 2442 quamvis
1216 2356 1416 2424 dubitanter

235 2461 387 2526 66111111.
435 2461 500 2526 Sed
525 2462 705 2527 abhorrere
729 2486 810 2526 eaa
843 2464 959 2527 libello
984 2463 1270 2530 Wilamowitzius
1302 2464 1355 2546 (A.
1381 2488 1413 2533 u.

234 2568 274 2632 A.
298 2568 316 2631 Ι
338 2568 413 2633 adn.
437 2570 469 2648 l.)
502 2569 574 2633 iam
606 2570 802 2653 adnotabat,
837 2571 895 2655 qui
928 2571 1044 2655 potius
1078 2571 1119 2635 de
1142 2571 1329 2655 Protagora
1358 2595 1414 2638 co-

233 2674 342 2758 gitare
373 2675 493 2740 voluit.
540 2675 604 2739 Oui
636 2678 824 2741 sententiae
859 2678 1087 2762 adstipulatus
1119 2677 1290 2742 Dielesius
1322 2677 1413 2764 frag-

234 2781 359 2845 mentis
383 2781 561 2867 Anonymi
593 2782 781 2847 Jamblichi
815 2785 876 2848 sub
909 2784 1050 2848 nomine
1083 2784 1120 2846 in
1153 2784 1277 2849 librum
1311 2807 1413 2849 suum

232 2888 377 2972 receptis
401 2889 485 2952 11666
507 2889 700 2973 proposuit:
726 2888 918 2974 ,Verfasser
938 2891 1148 2972 unbekannt,
1174 2891 1412 2957 demInhalte

232 2994 321 3058 nach
344 3016 398 3058 am
421 2995 587 3061 nachsten
610 2996 814 3080 Protagoras
837 2997 909 3060 und
926 2997 1138 3064 116111611111.ιι
1186 2996 1413 3065 Refutabatur

232 3123 313 3166 vero
337 3102 412 3186 ipsa
435 3124 454 3165 a
479 3100 526 3165 St.
547 3101 768 3184 Schneider.²)

320 3208 523 3272 Persuasum
538 3208 624 3271 mihi
640 3217 699 3290 est,
715 3210 970 3294 Antiphontem
986 3203 1140 3294 ὁμονοίας
1154 3221 1326 3276 auctorem
1338 3236 1411 3278 non

231 3313 334 3378 1111666
351 3326 522 3378 auctorem
537 3312 804 3398 fragmentorum
822 3318 966 3400 saeculo,
983 3326 1022 3381 ut
1038 3317 1119 3401 dixi,
1133 3318 1164 3381 V
1181 3319 1319 3383 exeunti
1335 3320 1411 3384 6116

231 3420 335 3485 dubio
359 3421 631 3503 tribuendorum3
662 3422 766 3486 immo
791 3423 919 3505 libelle,
945 3447 963 3487 e
988 3446 1052 3507 quo
1078 3424 1236 3510 decerpta
1259 3433 1349 3506 sunt,
1375 3435 1410 3490 et

231 3527 431 3592 aliorumut
451 3527 577 3594 Critiae
594 3529 782 3593 6611611166
806 3540 840 3594 61
864 3530 956 3593 111116
981 3531 1198 3615 impugnatae
1222 3531 1304 3595 olim
1327 3554 1409 3598 6666.

322 3689 339 3751 ¹)
359 3686 411 3738 ὦδε
437 3687 485 3739 οὗν
510 3689 579 3740 ἔσται
605 3695 689 3749 τοῦτο,
715 3689 740 3738 εἰ
764 3697 816 3746 τοῖς
842 3691 931 3755 νόμοις
957 3710 983 3741 τε
1006 3690 1051 3742 καὶ
1070 3698 1108 3757 τῷ
1127 3691 1222 3757 δικαίῳ
1241 3690 1408 3758 ε’πικοοροίη.

229 3783 305 3828 τοῦτο
329 3774 377 3842 γὰρ
396 3776 441 3833 τοὶς
460 3797 487 3827 τε
505 3777 592 3833 πόλεις
617 3775 662 3828 καὶ
688 3776 749 3834 τοὺς
774 3777 935 3843 ἀνθρώπους
961 3778 990 3830 τὸ
1016 3780 1162 3840 ουνοικίζον
1187 3779 1232 3831 καὶ
1251 3779 1280 3831 τὸ
1299 3780 1409 3847 συνέχον

229 3863 294 3916 εἶναι
312 3864 572 3919 «161111161611611116
592 3883 655 3920 eum
674 3866 860 3935 Antiphontis
879 3867 916 3936 fg.
936 3868 971 3919 44
995 3866 1055 3926 τοὺς
1081 3870 1176 3935 νόμους
1199 3868 1328 3936 μεγάλους
1350 3869 1408 3936 ἄγοι

230 3953 342 4007 66116116
362 3954 468 4022 scripta
486 3953 575 4008 luisse
593 3955 708 4024 putavit
727 3956 805 4025 apud
822 3956 1029 4026 Antiphontem
1055 3957 1108 4009 ὦδε
1127 3956 1175 4009 οὖν
1193 3957 1262 4010 ἔσται
1281 3966 1366 4021 τοῦτο,
1385 3958 1410 4009 εί

228 4039 289 4100 τοὺς
307 4044 403 4108 νόμους
422 4062 448 4092 τε
465 4042 592 4109 μεγάλους
611 4044 668 4110 ἄγοι
687 4044 732 4096 καὶ
751 4053 789 4110 τῷ
808 4045 904 4111 δικαίῳ
924 4045 1075 4113 ἕπικονροίη
1096 4051 1131 4116 (p.
1152 4047 1204 4110 11).

319 4131 338 4194 ²)
358 4129 499 4184 Libellum
527 4149 552 4185 v,
574 4133 599 4186 d.
627 4132 665 4186 Κ.
685 4133 807 4203 Toepfer
836 4135 896 4197 (Die
924 4151 1020 4205 sogen.
1040 4136 1211 4206 Fragmenta
1241 4136 1291 4190 des
1321 4137 1408 4207 Soph.

229 4220 344 4289 Antiph.
364 4219 408 4272 bei
427 4220 610 4274 lamblichos.
630 4208 728 4292 Progr.
748 4224 844 4276 Arnau
865 4223 942 4288 1902)
962 4241 1062 4293 parare
1081 4225 1148 4278 mihi
1167 4241 1224 4278 non
1244 4225 1335 4294 potui.
