3030 4672
639 201 860 265 „43-

162 421 271 483 neque
296 399 410 462 animo
443 397 486 461 ad
517 406 654 483 tempus
686 395 871 479 indulgens
903 394 1020 479 peiora
1052 393 1230 458 meliorum
1264 395 1338 457 loco

160 506 265 590 cupit.
290 509 460 588 σώφρονος
483 526 564 568 vero
588 525 712 567 nomen
738 501 971 586 derogandum
995 501 1035 583 ei,
1066 501 1124 585 qui
1152 519 1339 585 numquam

159 612 276 696 turpia
298 613 354 676 vel
387 613 477 675 mala
508 610 678 695 cupiverit
709 618 768 674 ant
783 617 785 622 ’
799 609 963 693 tetigerit,
998 607 1159 692 qnoniam
1183 614 1337 688 nonest,

160 741 228 802 qno
253 717 345 783 victo
369 717 574 802 prudentem
598 739 633 781 se
657 715 922 801 praestiterit.“¹)

250 842 420 907 Ultimum
452 842 518 906 hoc
541 830 758 907 enuntiatum
790 863 861 904 non
886 840 1105 904 coniunctum
1136 861 1213 903 cum
1243 861 1339 923 prae·
1366 836 1514 905 fg.ee=1

160 949 372 1033 cedentibus,
397 949 456 1013 sed
480 949 621 1013 seorsim
646 971 666 1012 a
690 948 835 1013 Stobaeo
868 946 1025 1010 laudatur
1056 946 1092 1009 in
1125 945 1237 1030 capite
1268 949 1339 1029 περὶ

159 1059 386 1139 σωφροσύνης;
422 1077 527 1139 qnare
560 1064 594 1120 et
625 1077 645 1118 a
676 1054 808 1118 Blassio
842 1053 933 1136 (sede
959 1055 1034 1134 130)
1069 1062 1104 1118 et
1135 1075 1155 1116 a
1186 1052 1337 1117 Dielesio

154 1162 251 1244 (sede
277 1164 330 1243 59)
355 1169 547 1246 separatum
571 1162 612 1226 ab
637 1161 705 1225 iliis
728 1161 926 1245 ponebatur.
973 1158 1041 1223 Sed
1060 1159 1339 1243 coniungendum

155 1290 234 1333 esse
250 1291 327 1333 cum
343 1268 528 1353 fragmenti
543 1269 668 1356 basias
683 1268 806 1332 ultimo
827 1266 1004 1331 enuntiato
1021 1288 1059 1330 eo
1077 1265 1336 1348 demonstratur,

158 1376 252 1460 quod
283 1377 427 1440 alterum
460 1375 556 1459 quasi
579 1375 673 1439 vocis
706 1378 850 1457 σώφρων
881 1373 988 1437 iinem
1020 1372 1160 1436 indicat.
1208 1371 1338 1449 Quibus

157 1482 264 1546 simul
299 1481 461 1546 discimus
495 1485 753 1565 σωφρονέστερον
785 1480 893 1563 iilum,
928 1479 987 1564 qui
1019 1478 1144 1542 inferre
1177 1478 1337 1542 iniuriam

156 1587 341 1670 dubitaret,
375 1611 446 1653 non
473 1587 577 1652 inisse
601 1588 797 1673 oppositum
830 1586 871 1666 ei,
906 1586 965 1671 qui
997 1607 1182 1669 numquam
1212 1584 1337 1649 inferre

156 1695 313 1759 animum
336 1695 542 1777 insinuasset,
575 1717 685 1778 neque
709 1692 849 1757 omnino
873 1697 1018 1776 σώφρονι
1051 1692 1195 1775 cuidam,
1230 1692 1336 1756 immo

156 1802 199 1884 ei,
234 1802 292 1885 qui
315 1803 410 1865 nulla
443 1801 658 1866 dubitatione
682 1807 834 1865 retentus
867 1799 1027 1862 iniuriam
1060 1799 1184 1862 fiducia
1215 1801 1337 1884 plenus

155 1917 427 1993 persequeretur.

249 2032 387 2118 Optime
410 2033 625 2096 haecomnia
640 2032 823 2116 procedere
842 2040 936 2116 pute,
962 2032 1042 2094 dnm
1059 2031 1160 2094 modo
1177 2031 1334 2112 retineas,

154 2161 270 2224 neque
295 2161 380 2223 qnae
405 2139 446 2203 de
469 2139 695 2223 temperantia
719 2138 894 2218 addantur,
929 2138 971 2201 ad
1002 2138 1207 2202 seutentiam
1233 2160 1271 2201 ea
1295 2137 1336 2201 de

155 2301 293 2369 singulari
325 2299 487 2353 dicebatur:
533 2297 639 2361 „Nemo
667 2297 772 2350 rectius
805 2295 925 2350 definiat
952 2296 1146 2366 prudentiam,
1177 2313 1262 2365 quam
1302 2297 1336 2350 <si

156 2390 220 2460 quis
241 2394 335 2443 οῖον*
365 2406 415 2458 pro
443 2403 544 2453 „rremo
564 2388 668 2441 rectius
688 2385 812 2440 definiat
830 2386 1024 2455 prudentiam,
1051 2404 1134 2457 quam
1163 2385 1188 2440 si
1217 2386 1337 2440 definiat

157 2477 201 2532 «si
222 2478 285 2548 quis
304 2479 403 2532 etc.›.“
442 2477 571 2542 Accedit,
592 2478 674 2549 quod,
695 2477 718 2531 si
739 2476 800 2528 ἄλλο
820 2476 992 2544 scripsisses
1021 2476 1119 2529 melius
1144 2476 1220 2529 esset
1247 2476 1336 2542 ὀρθῶς

156 2583 244 2637 quam
263 2568 412 2634 ὀρθότερον.
441 2567 549 2618 τε-καὶ
579 2572 674 2620 autem
695 2583 758 2620 cum
777 2562 959 2634 apertissime
987 2566 1038 2619 sibi
1068 2565 1266 2634 respondeant
1287 2565 1336 2617 du-

154 2655 277 2726 riusque
297 2661 375 2709 esset
392 2656 532 2707 ἀσύνδετον
552 2656 628 2724 quod
649 2662 776 2722 vocatur,
804 2670 857 2723 pro
880 2653 1023 2720 ἐμφράσσει
1043 2656 1120 2707 recte
1139 2655 1282 2708 scribebat
1310 2654 1335 2706 S.

154 2744 327 2811 ἐμφράσσων.
366 2744 470 2797 Iniuria
488 2760 556 2796 vero
575 2743 722 2796 iudicabat
736 2745 822 2796 verba
840 2742 917 2800 αὐτὸς
937 2743 1036 2810 ἑαυτὸν,
1057 2759 1130 2812 quae
1146 2747 1213 2796 ante
1231 2751 1336 2810 κρατεῖν

154 2836 304 2904 leguntur,
332 2833 355 2886 si
384 2833 544 2901 scripsisset
562 2831 721 2901 Antiphon,
751 2848 806 2885 non
835 2848 920 2901 posse
948 2848 1005 2886 non
1034 2849 1098 2888 cum
1117 2836 1207 2887 verbo
1231 2841 1337 2900 κρατεῖν

155 2922 301 2991 coniungi,
320 2922 416 2975 verbis
436 2927 532 2975 autern
551 2921 716 2990 synonymis
735 2929 839 2985 κρατεῖν
859 2924 890 2973 et
914 2928 990 2972 νικᾶν
1013 2920 1057 2975 bis
1077 2922 1143 2976 addi
1168 2924 1336 2992 pronomina

154 3010 234 3068 αὐτὸς
254 3011 347 3063 ἑαυτόν
365 3011 515 3064 verisimile
541 3027 600 3063 non
617 3026 688 3063 esse.
726 3008 755 3061 Si
782 3009 927 3062 tenuimus
953 3013 1053 3078 verba,
1082 3027 1154 3081 quae
1184 3011 1337 3066 inducebat

154 3099 210 3164 Bl.,
231 3099 484 3170 coniunximusqne
504 3116 567 3153 cum
585 3097 746 3164 ἐμφράσσων
765 3100 860 3166 verbo,
886 3099 923 3151 nil
948 3114 1010 3152 esse
1033 3105 1111 3168 puto,
1136 3101 1212 3170 quod
1239 3101 1335 3154 taedio

154 3187 207 3254 sit;
229 3203 402 3258 quamquam
422 3188 505 3242 huius
524 3188 603 3242 vocis
622 3186 780 3253 έμφράσσειν
808 3203 878 3240 usus
908 3187 1068 3256 exemplum
1087 3207 1131 3242 me
1156 3207 1210 3243 uon
1232 3190 1335 3244 habere

154 3277 312 3343 coniite0r;
341 3292 436 3348 neque
464 3281 492 3330 iu
512 3275 717 3330 vocabulorum
744 3275 885 3345 positione
910 3284 955 3328 τοῦ
984 3278 1070 3343 θυμοῦ
1096 3287 1150 3334 ταῖς
1175 3284 1335 3344 παραχρῆμα

154 3367 264 3434 ἡδοναῖς
283 3366 465 3420 haerendum.
504 3367 581 3432 Quae
600 3365 623 3418 si
644 3382 700 3418 uon
720 3365 835 3434 accipie,
855 3366 1033 3420 scribendum
1054 3365 1108 3419 tibi
1127 3383 1190 3419 cum
1209 3365 1335 3436 Sauppio

154 3455 201 3514 τὰς
220 3463 382 3523 παραχρῆμα
401 3454 505 3520 ἡδονὰς.

248 3564 266 3622 ¹)
287 3562 422 3630 Quamvis
441 3565 517 3614 recte
537 3562 679 3615 monuerit
694 3563 835 3632 Sauppius
850 3580 906 3616 non
922 3581 964 3625 ea,
985 3579 1060 3631 quac
1084 3564 1269 3632 concupiscat
1287 3564 1336 3617 vel

153 3651 184 3703 iu
212 3666 286 3720 quae
314 3653 430 3715 incidat,
459 3665 592 3719 superare
619 3651 720 3703 debere
747 3649 897 3714 hominem,
926 3653 958 3704 ut
986 3651 1193 3721 temperantiae
1222 3652 1335 3706 laudern

153 3738 296 3802 inveniar,
315 3740 365 3791 sed
385 3757 415 3791 se
434 3740 528 3809 ipsum
547 3737 692 3809 animique
711 3737 904 3806 cupiditatem,
925 3739 1028 3793 iniuria
1047 3746 1144 3794 tamen
1162 3756 1335 3811 quamquam

153 3827 382 3882 assentientibus
395 3827 503 3880 Blassio
518 3827 711 3894 Dielesioque¹
724 3843 777 3895 pro
791 3828 851 3878 ὅτου
865 3829 972 3896 optimo
988 3835 1071 3893 (‚,non
1086 3848 1116 3884 se
1129 3831 1220 3900 ipsum
1234 3830 1334 3894 vincit,

153 3934 224 3986 ergo
243 3932 303 3969 uon
323 3920 376 3978 est,
396 3915 472 3983 quod
492 3915 606 3978 vincit,“
628 3917 664 3970 cf.
683 3915 799 3968 useless
825 3932 871 3978 „er
897 3916 948 3967 hat
967 3923 1050 3971 sonst
1068 3920 1100 3981 41³)
1119 3918 1225 3984 nichts,
1245 3918 1333 3971 durch

154 4005 258 4059 desseu
278 4001 514 4073 Ueberwiudung
533 4020 562 4055 er
580 4004 659 4055 seine
678 4011 833 4056 uutouome
853 4003 1030 4056 Sittlichkeit
1053 4006 1205 4058 beu'ahren
1230 4006 1333 4069 kemut

152 4094 254 4166 posuit
272 4095 346 4145 ὅπου.
366 4093 504 4159 παρέχεται
524 4108 591 4145 vero
606 4091 775 4145 mutandum
794 4109 856 4145 esse
869 4093 983 4145 videtur
999 4091 1044 4145 vel
1062 4093 1091 4145 in
1110 4093 1252 4160 παρέσχετο
1272 4095 1333 4158 (Bl.)

151 4182 211 4252 vel,
231 4183 308 4254 quod
328 4182 420 4234 minus
438 4181 542 4251 placet,
560 4181 718 4247 παρέσχηται
739 4181 810 4245 (ΙΝ).
