3030 4672
626 222 848 286 -77-

240 411 352 478 Simul
383 413 584 478 concludere
617 435 679 478 nos
711 413 791 478 licet
824 413 988 497 libellum,
1023 414 1083 498 qui
1115 428 1149 479 et
1181 412 1326 479 laudarit

161 519 398 584 Atheniensem
422 528 456 584 et
480 520 523 584 ab
540 519 744 584 Atheniensi
767 520 925 585 laudatus
949 521 1004 603 sit,
1029 543 1176 586 necnon
1201 543 1326 586 sermo-

160 649 229 690 nem
253 625 402 711 proierat
424 625 589 710 Atticum,
615 627 658 691 ab
682 636 816 691 auctore
839 627 996 709 Athenis,
1026 627 1148 692 sinon
1172 636 1262 711 nato,
1292 638 1326 693 at

159 743 264 797 tamen
287 742 419 797 morato
443 733 608 817 scriptum
632 755 704 797 esse
728 733 884 798 Athenis.

239 840 333 917 Quae
352 840 382 904 si
400 849 491 905 recte
505 840 690 925 posuimus,
715 861 786 904 non
801 840 951 905 veterior
966 840 1085 920 solum,
1103 863 1204 924 quam
1219 843 1324 926 vulgo

157 968 226 1010 cum
250 947 365 1031 capite
388 946 643 1031 Xenophonteo
670 955 745 1011 tum
776 946 883 1011 libelli
913 946 1126 1031 auctorisque
1150 955 1326 1032 contemp-

156 1053 243 1117 tione
262 1053 394 1118 inducti
410 1053 614 1138 putabant,¹)
637 1052 696 1117 sed
711 1053 914 1117 veterrimus
931 1053 1072 1118 omnino
1089 1054 1243 1117 omnium
1263 1068 1323 1135 est,

157 1181 380 1244 quoscumque
403 1159 536 1224 libellos
561 1158 713 1223 oratione
736 1160 846 1223 soluta
870 1160 906 1222 in
930 1160 1104 1224 Minervae
1132 1161 1216 1225 urbe
1247 1183 1325 1224 con-

157 1266 293 1351 scriptos
317 1288 390 1330 esse
414 1265 548 1330 scimus

238 1541 306 1607 Sed
330 1540 447 1624 obioiS,
477 1564 560 1605 num
592 1543 697 1606 oratio
722 1543 833 1606 soluta
864 1543 906 1606 ad
938 1543 1022 1607 talia
1055 1543 1115 1607 tali
1139 1543 1239 1608 modo
1270 1567 1324 1608 ex·
1352 1534 1397 1587 De
1425 1534 1500 1634 ¹⁰.⁰⁰

158 1648 328 1732 primenda
363 1648 498 1713 exculta
541 1649 606 1712 iam
646 1648 815 1713 exstiterit
849 1659 932 1712 tunc
966 1649 1129 1733 temporis
1164 1650 1322 1733 Athenis,
1352 1623 1498 1725 Gsffeffls,

158 1756 277 1841 quippe
302 1777 402 1839 quam
430 1764 545 1820 natam
577 1777 647 1819 non
681 1777 753 1819 esse
778 1755 893 1819 dicant
923 1755 990 1818 nisi
1024 1764 1103 1839 post
1126 1757 1272 1841 Gorgiae
1296 1781 1323 1820 a.
1352 1714 1509 1872 {ZZZUEI

156 1862 213 1929 427
227 1862 423 1927 adventum.
447 1862 495 1927 At
510 1862 657 1926 Athenis
673 1872 751 1925 ante
769 1862 932 1946 Gorgiam
947 1862 1236 1948 Thrasymachum
1257 1865 1324 1928 elo-

158 1968 324 2051 quentiam
346 1968 502 2033 docuisse
522 1968 699 2032 Eduardus
717 1968 889 2033 Schwartz
908 1969 1162 2050 demonstravit,
1177 1970 1324 2033 Athenis

157 2075 221 2139 sine
244 2084 317 2140 arte
348 2097 515 2159 quaquam
538 2076 595 2138 vel
623 2075 813 2159 disciplina,
848 2098 948 2160 quam
983 2077 1088 2140 solam
1120 2077 1325 2160 respexisset

157 2181 389 2266 Aristoteles,²)
405 2204 516 2245 rerum
536 2182 685 2266 ipsarum
701 2182 901 2246 necessitate
918 2205 1046 2265 suoque
1061 2183 1199 2246 arbitrio
1216 2193 1323 2247 ortam

157 2287 213 2352 iam
238 2288 374 2373 pridem
396 2287 550 2352 floruisse
575 2289 761 2352 orationem
780 2289 870 2352 etad
887 2311 940 2353 res
964 2289 1000 2352 in
1016 2289 1142 2352 iudicio
1159 2291 1215 2352 vel
1232 2290 1323 2374 apud

156 2395 283 2478 plebem
306 2384 456 2479 agendas
481 2405 515 2458 et
538 2395 579 2458 ad
604 2395 737 2459 decreta
761 2395 952 2479 similiaque
970 2395 1180 2459 conficienda
1195 2407 1321 2479 aptam,

156 2500 271 2565 iterum
296 2501 488 2585 iterumque
512 2499 700 2567 affirmabat
712 2501 1032 2582 Wilamowitzius³)
1064 2501 1168 2566 Cuius
1193 2502 1323 2566 arboris

156 2607 332 2693 indigenae
355 2629 468 2672 ramus
493 2608 588 2691 quasi
612 2617 663 2672 est
687 2609 788 2672 etiam
813 2608 1049 2692 Antiphontis,
1075 2632 1174 2693 quam
1203 2619 1323 2674 tracta-

156 2715 272 2799 vimus,
298 2715 549 2779 commentatio.

234 2848 375 2912 Etenim
392 2862 536 2931 apparet
551 2848 711 2911 seriorem
730 2871 802 2912 earn
821 2871 902 2928 esse,
928 2871 1029 2933 quam
1046 2872 1130 2933 quae
1151 2858 1321 2933 tamquam
1350 2851 1391 2905 De
1404 2851 1496 2920 poetis

154 2956 290 3029 ἐπίδειξις
313 2952 355 3016 ad
380 2962 488 3017 artem
512 2954 814 3018 commendandam
840 2955 1114 3018 conciliandosve
1138 2955 1322 3040 discipulos
1407 2941 1503 3009 sslfwis·

154 3061 262 3125 multis
286 3059 484 3124 hominibus
508 3082 620 3124 coram
639 3085 659 3125 a
673 3062 826 3145 sophista
850 3061 998 3144 quodam
1023 3061 1159 3146 publice
1183 3063 1322 3127 recitata

153 3166 199 3232 sit.
243 3166 492 3231 Pronuntiabat
516 3178 632 3233 auctor
655 3168 810 3232 intimam
840 3190 934 3231 suam
967 3169 1181 3248 sententiam,
1216 3192 1320 3245 suam,

152 3283 184 3338 ut
205 3273 312 3338 verbo
335 3283 414 3339 utar
438 3272 577 3358 Graeco,
603 3279 740 3358 γνώμην.
786 3276 831 3338 Et
863 3275 1106 3359 pronuntiabat
1129 3316 1171 3322 ——
1196 3277 1225 3339 si
1253 3299 1321 3340 non

152 3380 240 3444 nulla
262 3379 329 3444 alia
351 3403 387 3444 re
411 3390 585 3464 permotus
609 3381 676 3444 nisi
700 3381 735 3444 vi
763 3381 821 3444 illa
844 3381 971 3463 divina,
1007 3404 1071 3465 qua
1095 3390 1205 3466 poeta,
1238 3404 1320 3465 quae

153 3486 246 3550 corde
269 3494 374 3567 tenet,
399 3487 580 3551 verborum
605 3509 744 3571 corpore
769 3487 863 3570 quasi
878 3488 1003 3552 vestita
1027 3497 1120 3552 extra
1143 3510 1178 3552 se
1194 3510 1320 3572 ponere

152 3621 360 3631 ——a—

237 3699 253 3761 ¹)
275 3697 312 3752 cf.
327 3716 351 3754 e.
366 3716 394 3769 g.
409 3699 575 3753 Duemmler
588 3699 642 3754 Ah.
658 3702 704 3754 79:
731 3702 877 3770 „jiingerer
896 3701 1027 3770 Sopbist“
1050 3702 1094 3764 (cf.
1110 3719 1135 3771 p.
1150 3703 1219 3766 235),
1234 3703 1320 3755 Wila·

153 3787 261 3840 rnowitz
280 3786 349 3841 Her.
368 3788 392 3840 ΙΙ
412 3789 478 3842 277:
500 3790 580 3849 ,sehr
601 3790 857 3858 [intergeordneten
877 3790 982 3858 Geist“,
1003 3791 1054 3844 Tb.
1075 3790 1216 3860 Gomperz
1236 3789 1271 3844 G.
1287 3791 1319 3844 D.

154 3874 240 3929 1349:
276 3877 341 3939 „der
360 3893 395 3930 zu
416 3877 468 3930 den
488 3878 595 3930 miudes
618 3877 815 3931 betleutenden
834 3878 1011 3946 llitgliederrr
1032 3879 1080 3931 der
1098 3879 1186 3931 Zunft
1204 3880 1321 3948 geratur

154 3963 243 4019 wird.“

157 4143 160 4147 ³
235 4079 253 4144 ³)
274 4080 310 4134 ci.
330 4081 492 4135 Duemmler
510 4084 553 4136 Kl.
573 4083 650 4136 Schr.
671 4083 681 4135 Ι
701 4083 760 4136 224.

237 4201 254 4261 ³)
273 4196 337 4251 Von
353 4197 402 4251 des
415 4198 557 4252 attischen
573 4199 693 4252 Reiches
708 4198 901 4262 Herrliclrkeit,
917 4199 1032 4268 p.3s,1‚
1048 4201 1080 4253 A.
1092 4216 1117 4252 u.
1129 4201 1160 4253 A.
1172 4200 1182 4252 Ι
1194 4201 1245 4253 169
1259 4216 1319 4271 sqq.
