3030 4672
588 191 787 254 ..7-

103 380 159 443 hic
179 380 314 465 quidem
331 380 513 465 Antiphon
537 381 679 447 oratoris
702 391 809 447 artem
825 382 1002 448 exercebat
1016 383 1273 469 mercedemque

102 487 176 551 sine
201 487 303 552 dubio
329 487 523 572 poscebat.¹)
582 487 700 572 Neque
731 489 853 573 obstat,
887 491 977 574 quod
1000 512 1020 555 a
1041 490 1273 576 Xenophonte

103 593 289 659 addebatur
321 615 511 678 cognomen
544 591 600 661 τὸν
628 592 826 686 oopcoaqq')
868 596 1028 680 quoniam
1060 619 1131 662 non
1164 599 1273 662 solum

103 700 291 766 oratoribus
314 700 408 784 ipsis,
434 701 542 785 qualis
566 710 640 766 erat
661 701 903 784 Rhamnusius,
938 711 972 768 et
1005 704 1045 768 ab
1078 703 1273 788 aequalibus

103 818 137 870 et
152 829 171 870 a
187 807 410 891 posteriorum
427 816 621 892 temporum
637 808 834 873 hominibus
849 808 1070 892 tribuebatur,
1096 810 1154 874 sed
1171 810 1273 874 etiam

102 936 121 977 a
143 914 377 998 Xenophonte
401 936 471 978 non
495 923 547 979 est
571 914 788 1000 desumptum
813 915 880 980 nisi
904 938 922 979 e
946 916 1075 1000 dialogi
1096 915 1274 981 Antisthe-

102 1021 171 1084 nici
195 1028 290 1104 parte
319 1043 366 1104 ea,
401 1043 466 1104 qua
498 1021 540 1084 ad
572 1019 694 1085 falsum
726 1021 887 1085 Isocratis
918 1043 1018 1086 usum
1050 1020 1273 1086 refellendum

102 1149 222 1191 vocum
248 1127 337 1190 inter
361 1149 396 1190 se
420 1127 651 1212 oppositarum
676 1122 833 1216 σοφιστής
855 1137 890 1193 et
911 1122 1090 1215 φιλόσοφος
1115 1129 1272 1192 notiones

71 1283 76 1295 ,
102 1256 200 1298 verae
225 1255 265 1297 ac
288 1233 458 1317 genuinae
482 1234 741 1318 explicabantur
764 1242 864 1319 atque
887 1234 936 1299 ita
954 1234 1211 1319 adhibebantur,
1235 1243 1274 1299 ut

102 1339 232 1405 Socrati
256 1348 344 1405 esset
366 1339 643 1425 philosophantis
666 1343 748 1425 laus,
773 1340 982 1426 Antiphonti
1006 1363 1196 1426 cognomen
1221 1363 1272 1405 so·

100 1448 244 1531 phistae.

189 1590 410 1654 Aristotelem
454 1598 569 1655 autem
611 1612 630 1653 a
668 1589 822 1675 Sauppio
865 1590 1072 1676 reliquisque
1114 1590 1272 1655 omnibus
1300 1610 1477 1665 Aristoteles,

100 1719 237 1780 prorsus
260 1699 454 1781 neglectum
478 1697 609 1761 ratione
632 1697 700 1780 illa,
726 1719 792 1782 qua
814 1704 968 1762 auctores
991 1697 1160 1780 laudabat,
1187 1697 1272 1762 bene

100 1827 266 1888 perpensa
289 1804 478 1868 seiunxisse
501 1804 650 1888 primum
674 1812 814 1889 apparet
837 1804 1087 1869 Rhamnusium
1111 1813 1146 1870 et
1167 1804 1272 1888 tragi-

99 1933 183 1974 cum.
231 1911 323 1987 Quae
345 1932 426 1974 vero
452 1910 493 1973 de
517 1910 690 1975 simultate
713 1910 772 1974 illa
797 1910 927 1975 Socrati
955 1932 1032 1975 cum
1056 1911 1271 1996 Antiphonte

10 2007 12 2010 Α
99 2025 216 2080 exorta
239 2016 346 2080 tradit
369 2017 412 2098 (A
435 2019 456 2080 b
475 2017 593 2100 Diels),
619 2039 696 2080 cum
713 2039 731 2080 e
746 2017 982 2102 Xenophonte
1005 2038 1074 2081 non
1098 2016 1269 2099 fluxerint,

100 2122 141 2186 ad
171 2122 316 2186 eundem
347 2121 522 2206 dialogum
551 2122 831 2188 Antisthenioum
864 2121 1041 2188 referenda
1071 2132 1157 2188 sunt.
1204 2122 1271 2188 Sed

99 2251 290 2313 cognomen
327 2228 412 2292 illud
447 2229 648 2294 coniectoris
683 2224 947 2315 (τερατοσκόπος)
983 2252 1094 2314 neque
1128 2253 1169 2294 ex
1207 2230 1271 2294 hoc

97 2358 208 2420 neque
243 2358 284 2399 ex
318 2335 384 2399 alio
416 2335 562 2420 quodam
594 2336 729 2421 dialogo
754 2336 1022 2418 Antisthenic03)
1047 2337 1179 2401 desumi
1211 2359 1271 2421 po-

97 2451 191 2506 terat.
249 2442 330 2505 Fuit
361 2441 468 2527 igitur
500 2441 684 2526 Stagirites
718 2443 900 2529 Antiphon
933 2443 1069 2527 quidam
1106 2466 1181 2508 cum
1221 2444 1270 2507 di·
1351 2513 1352 2517 ,

97 2571 212 2613 versus
237 2558 271 2613 et
293 2549 333 2613 ab
359 2557 490 2614 oratore
517 2550 729 2615 Rhamnusio
764 2558 799 2615 et
829 2573 848 2614 a
881 2559 982 2635 poeta
1011 2551 1141 2635 tragico
1165 2590 1208 2598 —
1231 2560 1270 2616 ut

97 2679 114 2718 e
156 2656 359 2740 cognomine
401 2656 476 2741 ipso
518 2656 633 2721 evadit
672 2697 712 2704 --
755 2657 1026 2742 cognomineque
1068 2657 1269 2722 coniectoris

96 2763 178 2826 satis
201 2770 347 2846 notatus,
381 2771 454 2827 tum
482 2763 569 2846 talis,
604 2765 738 2848 qualem
770 2765 811 2829 ab
836 2764 1042 2828 Antisthene
1072 2764 1108 2827 in
1133 2764 1268 2848 dialogo

97 2869 267 2934 Socratico
302 2891 322 2933 a
349 2869 582 2955 Xenophonte
616 2870 784 2955 exscripto
818 2870 996 2936 inductum
1020 2893 1093 2935 esse
1126 2878 1268 2955 putaret.

97 2976 204 3053 Quem
229 2976 373 3040 eundem
397 2976 544 3041 libenter
568 2976 659 3041 dicas
682 2967 783 3062 atque
807 2999 895 3061 eum,
920 2978 1015 3042 cuius
1039 2977 1121 3041 alibi
1145 2999 1268 3062 cogno·

95 3083 187 3146 mine
211 3107 281 3147 non
305 3083 419 3148 addito
444 3083 602 3149 laudabat
625 3083 667 3146 de
692 3083 947 3168 quaestionibus
970 3084 1180 3149 naturalibus
1200 3107 1269 3148 ma-

94 3190 354 3274 thematicisque
378 3191 575 3255 sententias.
620 3191 712 3275 Ergo
732 3190 934 3256 Aristoteles
957 3191 1104 3275 primum
1131 3191 1267 3276 quidem

95 3296 246 3360 diversos
262 3296 409 3362 habebat
424 3297 683 3380 Rhamnusium,
708 3298 885 3382 tragicum,
905 3298 1148 3382 philosophum
1167 3320 1266 3381 quem

94 3403 193 3468 liceat
227 3403 315 3467 mihi
346 3405 529 3488 appellare;
565 3404 689 3469 deinde
723 3404 815 3468 hunc
838 3405 950 3468 virum
986 3405 1026 3469 ab
1060 3404 1266 3469 Antisthene
1304 3474 1309 3489 ι

94 3519 283 3594 spectatum
319 3531 390 3574 esse
425 3509 644 3575 existimavit.
701 3510 849 3587 Quarum
883 3511 1130 3574 sententiarum
1163 3511 1266 3574 altera

185 3759 201 3820 ¹)
222 3757 256 3811 cf.
281 3759 365 3810 etium
393 3774 466 3827 quae
493 3757 527 3810 de
558 3756 730 3812 Rhamnusii
764 3773 828 3811 cum
853 3758 1025 3811 Antisthene
1044 3758 1191 3812 simultate
1220 3775 1265 3811 ex-

92 3846 190 3913 posuit
208 3846 270 3899 Joer
290 3846 383 3899 11647
404 3861 465 3917 sqq.

182 3960 201 4025 2)
221 3961 271 4015 Oui
295 3966 362 4031 post
394 3960 552 4032 Spaanium
582 3961 767 4016 confidebant
792 3963 934 4032 Sauppiue
953 3968 1122 4033 praeterque
1141 3963 1264 4016 laelium

92 4050 189 4120 reliqui
210 4067 312 4104 omues.

182 4167 199 4229 ³)
219 4166 281 4219 Joel
301 4166 404 4219 11646.
