3030 4672
714 229 933 292 ..36-

236 421 382 506 respicit.
428 421 547 505 Neque
571 421 693 505 tangit,
718 420 784 484 nisi
809 443 894 505 quae
918 443 995 486 curn
1014 423 1106 487 vitae
1129 445 1192 487 usu
1216 424 1411 509 cohaerent,

236 549 345 611 neque
369 528 489 592 altiora
512 536 667 592 sectatur.

324 633 521 699 Concinunt
542 635 625 698 haec
648 635 777 719 optime
800 657 877 699 cum
900 635 1047 700 auctoris
1075 636 1188 700 animo
1213 645 1315 722 atque
1338 660 1412 703 mo-

234 740 338 823 ribus,
363 742 478 824 quales
503 764 544 805 ex
565 741 641 826 ipsa
664 740 895 826 disputatione
919 741 1051 807 efficere
1075 764 1262 826 possumus
1299 744 1413 809 Nimi-

234 869 309 911 rum
326 869 395 912 non
416 870 543 912 novum
560 852 738 931 εὐαγγέλιον
752 849 913 913 universo
929 849 1124 914 mortalium
1141 850 1260 933 generi
1279 849 1411 916 adferre

234 954 300 1018 sibi
324 954 517 1037 videbatur;
550 977 660 1040 neque
693 964 772 1035 erat,
808 955 865 1038 qui
897 955 1048 1020 iuvenali
1081 955 1198 1020 ardore
1228 957 1284 1020 vel
1317 958 1412 1022 senis

233 1061 421 1145 pertinacia
448 1061 637 1127 doctrinam
670 1083 767 1125 suam
799 1070 1011 1147 propagaret
1057 1062 1176 1126 Noluit
1208 1085 1285 1126 cum
1317 1063 1412 1128 vitae

233 1167 404 1232 aerumnis
427 1168 556 1231 bellum
580 1190 706 1252 gerere,
739 1168 852 1233 noluit
884 1191 960 1233 cum
993 1169 1237 1233 sententiarum
1272 1191 1410 1234 suarum

233 1275 444 1340 adversariis.
489 1275 628 1360 Agendi
657 1275 846 1360 cupiditate
869 1284 983 1359 spreta
1006 1282 1041 1340 et
1073 1275 1151 1339 aliis
1174 1277 1412 1361 voluptatibus

233 1390 268 1448 et
290 1382 501 1446 matrimonii
524 1383 784 1467 liberorumque,
818 1405 892 1447 curn
917 1382 1089 1446 molestias
1115 1382 1324 1466 exhiberent,
1359 1407 1412 1448 re-

232 1489 396 1554 nuntians
420 1489 703 1573 tranquillitatem
732 1490 835 1553 animi
870 1511 972 1553 unam
1006 1489 1072 1553 sibi
1104 1488 1293 1573 appetebat.
1340 1488 1412 1555 Sed

233 1594 376 1678 quaeris,
402 1617 484 1658 num
505 1595 623 1659 eodem
646 1596 733 1660 libro
759 1604 794 1660 et
817 1596 900 1659 haec
919 1593 1061 1680 proferri
1081 1595 1256 1678 potuerint
1280 1608 1314 1660 et
1336 1596 1410 1679 illa,

233 1723 318 1784 quae
342 1723 444 1784 supra
467 1701 509 1764 ad
533 1724 610 1765 eum
633 1701 876 1767 revocavimus
922 1702 1008 1765 Nam
1041 1724 1153 1765 rerum
1181 1702 1408 1766 humanarum

233 1808 489 1892 contemptione
522 1815 556 1872 et
588 1807 811 1892 despicientia
841 1807 992 1872 imbutus
1021 1808 1185 1872 virtutem
1219 1808 1281 1873 toti
1313 1809 1409 1874 vitae

233 1924 349 1978 auctor
380 1915 572 1999 derogabat.
618 1915 666 1979 At
695 1915 910 1999 vituperabat
939 1937 1005 1997 eoa,
1039 1914 1097 1999 qui
1128 1914 1219 1978 diem
1243 1937 1311 1979 non
1337 1938 1410 1980 car-

231 2030 353 2106 perent
374 2045 485 2105 noque
508 2021 700 2086 fruerentur
723 2023 857 2105 paratis
893 2021 994 2086 Omni
1018 2022 1150 2085 actione
1175 2022 1407 2106 supersedere,

232 2137 376 2192 mortem
401 2129 474 2212 ipse
498 2128 563 2192 sibi
580 2128 787 2193 consciscere
807 2128 960 2211 debebat,
985 2150 1051 2213 quo
1067 2128 1280 2192 celerrimum
1298 2129 1408 2192 finem

230 2234 356 2299 faceret
371 2235 583 2299 miseriarum
600 2236 753 2299 oninium
770 2236 894 2319 copiae.
918 2235 966 2298 At
982 2235 1241 2319 perstringebat,
1260 2235 1318 2318 qui
1333 2258 1405 2301 non

232 2341 361 2426 optime
384 2342 472 2406 banc
487 2343 593 2406 vitarn
619 2343 847 2423 instituerent,
871 2364 935 2406 nec
950 2341 1060 2405 voluit
1073 2341 1246 2406 remittere
1263 2341 1407 2406 vivendi

231 2448 339 2532 ipsius
360 2449 519 2512 laborem.
566 2448 640 2512 Sibi
664 2449 732 2533 ipsi
756 2471 832 2512 eum
857 2470 926 2512 non
951 2457 1105 2512 constare
1130 2448 1287 2514 concedo
1335 2447 1407 2513 Sed

231 2555 462 2619 inconstantia
477 2557 532 2619 vel
556 2555 592 2617 in
615 2555 681 2619 hoc
704 2555 745 2619 de
769 2555 915 2618 miseriis
939 2554 1049 2639 capite
1072 2563 1173 2638 atque
1197 2555 1232 2616 in
1255 2577 1324 2619 uno
1349 2577 1408 2620 eo-

231 2661 376 2746 demque
399 2661 591 2746 fragmcnto
615 2662 713 2744 inest,
739 2685 816 2726 curn
838 2661 1037 2744 valetudini,
1062 2661 1179 2744 victui,
1205 2660 1406 2745 sapientiae,

230 2769 339 2832 bonae
363 2767 481 2851 famae,
507 2769 634 2852 gloriae
659 2768 795 2834 studere
819 2791 854 2832 se
878 2769 952 2853 ipse
976 2768 1183 2852 profiteatur.
1230 2768 1405 2833 Nimirum

230 2875 338 2959 ipsius
369 2875 441 2939 eius
464 2875 571 2938 aninri
594 2885 654 2954 est,
683 2876 742 2959 qui
770 2876 864 2939 omni
888 2875 1061 2941 doctrinae
1089 2875 1405 2959 sententiarumque

229 2983 370 3046 molesta
411 2982 569 3066 superbia
605 2982 692 3046 liber
729 2990 830 3066 atque
871 3004 999 3046 vacuus
1037 2983 1250 3066 voluptatem
1289 2982 1404 3046 inesse

227 3089 318 3152 vitae
335 3110 404 3152 non
421 3089 576 3172 negabat,
595 3088 653 3153 sed
669 3090 862 3173 praevalere
877 3097 1012 3152 tantum
1028 3086 1217 3152 affirmabat
1233 3088 1403 3172 dolorem;

229 3196 287 3279 qui
310 3194 475 3259 feminam
499 3196 747 3280 coniugemque
772 3219 842 3260 non
871 3196 965 3260 omni
989 3195 1115 3260 virtute
1144 3196 1300 3280 privabat
1323 3217 1405 3259 oon-

228 3303 390 3387 iugioque
423 3302 629 3367 suavitatem
661 3303 772 3367 inesse
803 3302 1015 3367 concedebat.
1063 3301 1172 3380 Quid?
1212 3301 1414 3387 quodvisne

228 3409 428 3494 repudiabat
459 3408 646 3497 negotium,
686 3409 929 3494 repudiabatne
963 3409 1065 3473 etiam
1102 3409 1193 3473 vitae
1229 3408 1403 3473 finiendae

228 3516 362 3580 curam?
410 3517 509 3581 Certe
532 3538 658 3600 gnarus
687 3527 758 3581 erat
779 3517 884 3598 vitae3
915 3538 1024 3599 neque
1048 3538 1127 3579 vcro
1153 3515 1297 3579 maiores
1322 3537 1401 3580 eum

228 3645 329 3708 quam
345 3633 474 3688 ceteros
490 3645 627 3707 passum
647 3645 719 3686 esso
735 3623 866 3687 labores
881 3623 952 3686 iure
970 3622 1225 3686 existimaveris
1232 3622 1252 3703 ¹)
1288 3622 1400 3686 Immo

225 3729 363 3795 fortuna
386 3753 466 3794 usus
489 3730 580 3794 haud
599 3731 696 3811 mala,
722 3752 797 3793 curn
822 3729 969 3794 ferventi
993 3729 1139 3814 quodam
1161 3731 1274 3794 animo
1292 3730 1402 3794 nimia

227 3837 412 3922 cupivisset
443 3836 494 3919 (cf.
521 3836 566 3921 fg.
590 3840 654 3919 51),
679 3836 853 3919 fructibus
879 3859 963 3920 quos
997 3836 1038 3900 de
1069 3837 1162 3902 vitae
1195 3837 1312 3900 arbore
1344 3836 1400 3901 de-

226 3953 406 4028 cerpserat,
436 3953 615 4009 contentus
649 3965 717 4008 non
748 3952 826 4008 erat.
872 3943 1128 4028 Perstringobat
1150 3942 1398 4026 fraudatricem,

225 4074 335 4135 neque
364 4061 477 4115 tamen
503 4051 656 4114 excidere
690 4073 763 4114 eam
788 4051 904 4133 valuit,
939 4050 1060 4114 intimo
1094 4050 1264 4115 interdum
1298 4051 1398 4115 corde

313 4173 338 4276 q*
354 4213 390 4267 cl.
409 4174 491 4266 Kuno
512 4212 634 4270 Fischer,
654 4212 876 4280 Schopenhuuer
895 4228 939 4281 pp.
960 4211 1011 4264 132
1030 4227 1072 4279 sq.
