3030 4672
744 186 1002 274 -10-'

268 404 376 487 (Blass
399 405 481 469 Ant.
505 404 566 469 or?
598 404 745 468 XXXII
768 408 858 489 sqq-l·
911 403 967 468 Ad
998 427 1097 489 quam
1121 405 1228 471 vitam
1258 412 1331 470 tota
1353 405 1444 470 redit

270 521 304 575 et
325 511 493 576 Photiana
516 510 601 594 (cod.
625 512 701 594 259)
725 519 759 577 et
781 511 1008 576 Philostratea
1030 511 1114 598 (vit.
1127 512 1220 597 soph.
1238 512 1255 575 I
1274 514 1315 578 15
1331 535 1362 597 p.
1376 514 1440 576 211

269 618 411 704 Kays.)¹)
440 626 474 683 et
502 619 608 702 Γένος,
629 618 718 703 quod
737 618 774 681 in
793 618 966 683 codicibus
985 618 1195 683 orationibus
1214 620 1441 704 praemissum

268 724 395 809 legitur
426 726 535 808 (Blass
557 724 639 790 Ant.
664 724 725 790 or.²
748 725 1048 808 XXXIX—XL);
1081 725 1149 789 nisi
1181 726 1271 810 quod
1298 726 1442 791 Photius

269 855 287 895 e
311 831 397 897 libro
415 832 563 917 quodam
586 832 714 896 iudicia
731 831 922 897 Caeciliana
940 833 1138 897 continente
1158 832 1199 896 de
1215 832 1441 918 Antiphontis

269 961 423 1004 sermone
447 939 571 1004 adiecit
594 939 768 1021 iudicium,
793 939 1019 1005 Philostratus
1051 939 1225 1022 librorum,
1259 961 1343 1023 quos
1367 940 1441 1024 ipse

268 1047 457 1131 inspexisse
488 1046 635 1129 videtur,
670 1046 941 1132 descriptionem.
984 1047 1064 1111 Vita
1097 1055 1210 1112 autem
1241 1046 1442 1111 Plutarchea

267 1153 343 1238 ipsa
367 1177 385 1217 e
404 1153 594 1218 Caeciliana
616 1162 691 1218 tota
714 1153 763 1219 ita
785 1152 894 1237 fluxit,
917 1161 957 1218 ut
979 1154 1128 1238 primum
1155 1153 1291 1238 quidem
1318 1153 1442 1217 descri-

268 1259 437 1343 berentur,
463 1283 547 1344 quae
571 1283 663 1324 nuno
686 1261 832 1345 legimus
855 1260 895 1324 ab
913 1259 1012 1324 initio
1032 1282 1138 1344 usque
1155 1260 1231 1342 ad§
1250 1262 1290 1325 15
1314 1268 1332 1342 l.
1346 1311 1352 1323 .
1367 1257 1442 1338 τοῖς

268 1361 335 1443 κε’),
361 1366 484 1431 deinde
509 1390 594 1452 quae
618 1367 743 1432 omissa
767 1376 863 1432 erant
886 1366 1038 1430 indidem
1063 1366 1276 1431 edicerentur
1304 1367 1441 1449 reliqua.

267 1473 296 1536 Ε
320 1473 530 1539 Plutarcheis
553 1474 661 1560 igitur
683 1473 799 1539 addito
824 1484 859 1538 et
881 1473 1008 1538 iudicio
1033 1496 1051 1536 a
1070 1473 1194 1539 Photio
1218 1480 1387 1538 asservato
1408 1482 1442 1538 et

268 1579 344 1643 aliis
372 1579 575 1664 quibusdam
607 1579 761 1647 frustulis
796 1580 934 1644 aliunde
966 1580 1161 1664 repetendis
1198 1580 1333 1664 integra
1371 1579 1441 1643 lere

267 1686 402 1750 restitui
424 1695 537 1772 potest
559 1687 632 1753 vita
654 1687 854 1753 Caeciliana.
900 1687 1001 1751 Hanc
1032 1708 1113 1751 vero
1147 1687 1199 1750 ita
1226 1695 1337 1750 ortam
1368 1708 1441 1750 esse

267 1801 418 1877 apparet,
451 1803 489 1858 ut
514 1816 554 1859 ex
578 1793 723 1879 singulis
746 1792 1006 1873 narrationibus,
1040 1815 1123 1876 quae
1152 1792 1193 1856 de
1222 1802 1363 1875 oratore,
1400 1792 1441 1856 de

268 1899 429 1983 sophista,
446 1900 488 1964 de
504 1900 647 1987 tragico²
673 1900 715 1964 de
734 1901 810 1964 aliis
827 1910 959 1984 praesto
980 1908 1084 1981 erant,
1110 1899 1345 1984 discrepantiis
1365 1899 1442 1963 sub-

267 2006 345 2070 latis
367 2029 435 2070 una
464 2015 725 2092 componeretur
755 2007 828 2070 vita
860 2006 1030 2071 continua.
1076 2006 1295 2070 Narrationes
1328 2014 1441 2069 autem

267 2112 357 2176 unde
380 2113 436 2177 vel
459 2112 637 2198 decerptae
660 2114 716 2177 vel
741 2114 918 2178 conclusae
941 2114 997 2177 vel
1019 2114 1117 2178 lictae
1142 2112 1220 2194 sint,
1246 2113 1441 2177 etiamnunc

267 2216 493 2301 manifestum,
524 2242 635 2304 neque
659 2219 701 2284 de
731 2219 886 2304 sophista
915 2220 997 2283 novi
1031 2220 1211 2304 quicquam
1242 2218 1441 2304 praebent.²)

266 2326 454 2390 Haeremus
476 2335 609 2391 tantum
634 2326 670 2388 in
694 2326 888 2389 narratione
914 2326 971 2389 illa
991 2325 1031 2388 de
1051 2326 1267 2409 Antiphonte
1292 2326 1441 2389 consola-

266 2441 349 2514 tore,
377 2454 453 2496 oum
477 2455 587 2516 neque
610 2432 701 2496 unde
726 2431 926 2517 deprompta
948 2453 1057 2514 neque
1078 2453 1257 2515 quemnam
1282 2432 1323 2495 ad
1342 2432 1441 2495 Anti-

267 2539 431 2627 phontem
456 2536 631 2603 referenda
655 2539 709 2620 sit,
735 2537 950 2602 discernendi
973 2539 1081 2601 ullam
1105 2537 1289 2602 habeamus
1313 2560 1440 2605 ansam.

40 2713 239 2786 Hermogenes.
357 2699 596 2784 Hermogenea
628 2699 671 2781 (A
695 2701 730 2784 2)
760 2707 873 2764 autem
897 2721 967 2764 non
991 2699 1148 2763 nituntur
1177 2698 1246 2762 nisi
1269 2720 1318 2779 ec,
1351 2699 1440 2782 quod

267 2807 508 2890 grammaticus
542 2814 575 2869 et
607 2805 750 2890 Didymi
792 2806 995 2870 sententiam
1037 2805 1210 2889 cognitam
1252 2804 1372 2869 habuit
1408 2814 1441 2868 et

268 2911 407 2976 Caecilii
443 2952 484 2961 -
520 2934 581 2996 pro
613 2934 678 2996 quo
713 2921 867 2978 auctores
902 2912 943 2976 ab
976 2913 1050 2995 ipsc
1084 2912 1228 2976 adhibiti
1262 2912 1441 2977 laudantur

268 3058 311 3064 -
334 3019 376 3082 de
399 3018 598 3104 Thucydide
625 3018 831 3082 Rhamnusii
863 3018 1030 3102 discipulo
1064 3018 1301 3082 coniecturam.
1349 3019 1440 3095 Quas

268 3126 456 3190 sententias
489 3125 579 3190 inter
612 3147 646 3189 se
677 3125 865 3210 discrepare
899 3146 999 3188 sensu
1034 3147 1093 3188 suo
1129 3124 1234 3207 ipsius
1267 3133 1440 3208 permotus

268 3231 447 3313 iudicabat,
485 3232 611 3317 quippe
636 3233 690 3296 cui
713 3231 922 3317 Thucydidis
955 3253 1064 3295 sermo
1098 3231 1358 3297 similitudinem
1391 3255 1441 3294 re·

266 3335 370 3403 ferret
393 3361 462 3403 non
490 3348 559 3404 tam
584 3339 776 3404 orationum
810 3337 1015 3401 Rhamnusii
1047 3360 1148 3422 quam
1181 3338 1318 3401 alterius
1342 3338 1442 3402 Anti-

267 3445 407 3530 phontis
431 3446 509 3510 libri
535 3446 576 3509 de
600 3446 752 3510 veritate.

38 3585 193 3668 Adrastus„
356 3587 462 3651 Totus
500 3610 580 3652 vero
622 3611 639 3651 e
675 3587 820 3651 Caecilio
862 3587 1067 3671 pependisse
1105 3586 1241 3651 videtur
1275 3588 1440 3650 Adrastus

38 3655 221 3782 fflssgffss'
266 3694 512 3777 Peripateticus
534 3696 577 3776 (A
588 3695 630 3776 4),
655 3694 723 3778 qui,
742 3715 818 3758 cum
837 3702 953 3777 ageret
969 3695 1046 3779 περὶ
1065 3700 1130 3759 τῶν
1150 3695 1183 3759 ἐν
1202 3700 1271 3772 τοῖς
1290 3685 1440 3771 Ἠθικοῖς

356 3908 372 3971 ¹)
392 3907 433 3961 Ut
460 3906 565 3961 iniuria
592 3907 666 3960 hanc
695 3907 876 3960 adhibuerint
902 3907 1056 3976 Sauppius‚
1084 3908 1262 3971 Bureschius,
1288 3905 1438 3984 Dielesius¹

264 3996 383 4050 Joelius.

353 4101 371 4170 ²)
393 4103 470 4168 Quae
491 4102 525 4155 de
544 4102 644 4156 schola
664 4101 787 4173 quadam
808 4102 942 4157 instituta
960 4108 1111 4158 rrarrantur
1136 4109 1186 4157 aut
1206 4103 1242 4155 ad
1260 4102 1434 4171 Xenophon-

262 4194 320 4244 tem
339 4190 460 4244 redeunt
479 4196 530 4245 aut
548 4191 693 4260 pertinent
711 4192 748 4244 ad
768 4196 922 4246 oratorem.
