3030 4672
632 217 849 279 ‚31-

151 411 309 475 animus?
354 411 412 476 Et:
438 410 539 485 ,vita
564 419 681 474 nostra
702 410 753 473 nil
776 410 844 474 nisi
866 409 968 474 unius
992 409 1061 474 diei
1083 432 1196 474 carcer
1219 424 1269 474 est
1293 420 1328 474 et

154 518 247 582 vitae
271 517 371 582 huius
404 517 553 601 spatium
584 518 645 581 uni
671 516 740 581 diei
763 516 1077 581 adsimulandum?'·¹
1126 518 1250 582 Nonne
1274 517 1327 581 bis

156 624 274 688 eadem
305 623 448 708 proferri
480 623 593 688 dicas?
643 625 817 691 Buresohi.
842 624 928 688 mihi
952 625 1114 708 persuasi,
1149 625 1179 688 si
1202 624 1327 709 accipis

153 732 482 815 interpretationem,
507 753 585 795 cum
608 729 760 815 Sauppio
789 731 887 796 obelo
917 731 1104 796 notandum
1136 731 1326 796 membrum

154 841 190 902 ro
213 865 244 903 τε
266 848 488 922 μῆκος-μιᾷ.
525 837 621 901 Tunc
643 838 772 922 optime
796 838 945 903 decurrit
968 838 1195 902 enuntiatum:
1228 837 1328 923 ,Vita

154 952 274 1009 nostra
297 944 533 1008 adsimulanda
556 944 658 1008 unius
682 944 750 1007 diei
770 945 953 1025 custodiae,
972 966 1073 1030 quam
1089 944 1235 1029 posteris
1252 943 1328 1008 aliis

153 1051 353 1115 tradimus“.

245 1159 364 1242 Neque
386 1168 501 1222 tamen
525 1180 603 1222 cum
619 1157 814 1238 Buresclri0,
839 1157 896 1222 cui
918 1157 1144 1242 adstipulatus
1171 1165 1223 1222 est
1248 1158 1329 1222 Joc-

153 1265 260 1348 lius,¹)
283 1263 483 1329 laciendum.
528 1265 763 1330 Pervetustam
788 1265 879 1328 enim
903 1264 1128 1349 Orphicorum
1158 1264 1329 1350 Pythago-

155 1393 357 1454 reorumque
388 1371 430 1435 de
446 1371 635 1434 animarum
655 1371 859 1455 migratione
879 1389 1082 1455 cognoscere
1105 1372 1181 1435 vult
1204 1370 1329 1435 doct-ri-

157 1501 247 1559 nam,
279 1500 346 1562 qua
375 1478 487 1541 anima
516 1478 552 1541 in
587 1499 727 1562 corpore
751 1477 858 1542 velati
886 1500 1018 1542 carcere
1042 1485 1202 1542 contenta
1231 1476 1328 1540 brevi

156 1586 221 1649 hac
235 1585 433 1687 captivitate
449 1594 558 1650 morte
574 1584 715 1649 liberari
736 1582 917 1649 dicebatur.
963 1584 1038 1648 rl'ali
1059 1605 1139 1648 vero
1154 1582 1328 1647 doct-rinae

156 1692 218 1776 qui
252 1689 354 1775 favet,
390 1713 459 1755 non
496 1691 588 1756 dolet
622 1692 653 1755 is
686 1700 804 1773 morte,
840 1691 944 1755 immo
979 1690 1105 1775 gaudet
1139 1700 1240 1775 atque
1275 1713 1330 1754 ex-

158 1799 270 1862 sultat.
315 1797 364 1862 At
385 1797 564 1883 Antiphon
597 1798 738 1863 omnino
772 1799 943 1862 contraria
974 1797 1256 1882 pronuntiaverat
1287 1796 1329 1860 (10

156 1905 250 1968 vitae
272 1905 459 1988 mortisque
482 1905 604 1989 pretio,
638 1926 747 1988 neque
778 1926 939 1988 umquam
971 1903 1147 1969 dividebat·
1179 1903 1341 1968 hominis·

158 2019 314 2075 naturam
337 2010 383 2077 in.
397 2033 518 2096 corpus
542 2021 577 2076 et
600 2012 635 2075 in
660 2011 819 2093 animam,
850 2011 909 2074 sed
939 2019 1048 2076 totum
1073 2031 1247 2094 unumque
1270 2011 1330 2074 ho-

156 2117 288 2181 minem
312 2128 448 2203 putasse
472 2140 549 2181 eum
573 2118 767 2202 apparebat.
814 2117 881 2182 Sed
904 2118 1042 2183 alterius
1064 2116 1207 2182 fortasse
1230 2117 1331 2180 Anti-

92 2305 95 2309 ,
157 2224 301 2308 phontis
331 2224 396 2288 hoo
427 2223 656 2308 fragmentum
690 2234 750 2306 est,
783 2225 923 2289 alterius
956 2225 1105 2310 reliqua?
1150 2225 1199 2289 At
1227 2225 1330 2308 longe

156 2330 264 2414 abest,
296 2338 335 2395 ut
357 2331 422 2395 hoo
446 2331 660 2397 contenderit
682 2332 900 2411 Bureschius,
933 2332 1039 2396 immo
1072 2332 1184 2396 eidem
1216 2331 1331 2396 omnia
1387 2338 1391 2345 '

156 2437 311 2502 eiusdem
327 2437 472 2501 auctoris
490 2439 553 2502 arti
570 2438 814 2503 consolatoriae
831 2439 996 2505 attribuit.
1034 2439 1080 2503 Et
1096 2438 1225 2522 optime
1242 2438 1331 2502 inter

157 2565 234 2608 sese
256 2565 441 2628 congruere
466 2553 500 2608 et
522 2545 587 2609 hoc
611 2553 644 2609 01
668 2552 778 2608 cetera
801 2546 1049 2631 intellegemus.
1080 2545 1213 2611 Omisso
1238 2544 1329 2608 enim

158 2650 297 2715 interim
321 2651 472 2715 membro
490 2674 509 2714 a
525 2650 675 2735 Sauppio
692 2650 832 2729 deleto²)
855 2653 902 2715 ita
925 2651 1141 2735 interpretari
1164 2649 1330 2714 voluerim

157 2757 386 2822 emmtiatum:
444 2757 524 2822 Vita
561 2757 794 2821 adsimulanda
831 2758 974 2822 stationi
1005 2781 1110 2822 unum
1144 2757 1235 2821 diem
1273 2757 1332 2820 ha·

158 2863 297 2945 bendae,
323 2885 434 2949 quam,
469 2864 609 2928 simulac
634 2864 739 2946 (solis)
771 2865 881 2929 lucem
914 2865 1117 2948 aspeximus,
1151 2864 1332 2929 succeden-

156 2969 251 3034 tibus
274 2970 526 3035 excubitoribus
551 2970 724 3036 tradimus.
770 2971 834 3035 Oui
863 2971 1148 3055 interpretationi,
1178 2993 1243 3056 qua
1266 2983 1332 3035 sta-

157 3076 288 3141 tionem
310 3084 511 3141 nocturnam
536 3078 721 3160 diximus,⁸)
745 3100 815 3142 non
839 3078 1225 3161 01101011011ἒφημέρῳ;
1250 3099 1331 3163 quo·

159 3184 252 3247 niam
274 3193 313 3248 ut
336 3194 451 3249 nostra
473 3207 541 3249 vox
559 3185 671 3271 ,Tag“
689 3184 737 3249 ita
753 3185 881 3249 Graeca
904 3188 1008 3268 ἡμέρα
1023 3206 1093 3247 non
1109 3183 1200 3247 diem
1221 3186 1330 3249 solum

157 3290 270 3354 noctis
293 3291 498 3355 contrarium
523 3291 671 3374 denotat,
696 3291 755 3356 sed
772 3291 874 3356 etiam
890 3289 1128 3374 complectitur
1146 3290 1236 3353 diem
1252 3312 1332 3354 noc-

157 3397 331 3480 temque.⁴)
378 3397 444 3462 Sed
468 3399 571 3463 etiam
594 3398 746 3463 membro
770 3398 830 3463 1110
846 3406 979 3462 10101110
1005 3396 1172 3482 optimum
1190 3396 1330 3460 evadere

157 3525 297 3568 sensum
332 3504 454 3588 opinor
488 3527 633 3590 eumque
668 3528 744 3570 oum
779 3504 1016 3590 Antiphontis,
1054 3504 1187 3589 qualem
1222 3502 1331 3566 adhuc

252 3669 267 3724 ι1
288 3664 382 3718 11565
401 3706 407 3718 .
428 3705 433 3715 .
454 3666 505 3718 das
523 3664 620 3720 Leben
639 3664 682 3719 als
701 3665 782 3719 einen
801 3665 906 3719 Karkar
925 3662 984 3718 voll
1003 3663 1081 3715 λῦπαι
1101 3662 1159 3715 und
1177 3663 1261 3715 πόνοι.

249 3757 268 3821 ²)
288 3753 326 3807 Ut
344 3754 382 3806 ad
400 3761 505 3821 φρουρᾷ
522 3754 626 3808 referri
644 3755 755 3823 posset;
780 3753 816 3808 01.
834 3757 988 3823 praeterea
1008 3768 1080 3823 quae
1099 3751 1134 3805 de
1152 3751 1332 3820 interpolatt.

159 3842 281 3896 diximus
301 3843 337 3895 ad
357 3840 397 3912 fg.
417 3843 526 3912 491131.

250 3929 574 3996 31011110103011100
609 3931 804 4000 ἀναβλέψαντες
832 3931 883 3985 das
911 3929 1079 4000 Morgenrot
1106 3929 1182 3998 zeigt
1211 3928 1255 3981 die
1277 3929 1332 3981 Ab·

159 4018 264 4090 losung
283 4037 328 4076 an.

248 4114 267 4174 ⁴)
288 4108 326 4165 cf.
340 4109 433 4176 ἡμέραι
452 4109 577 4163 ἐπίλοιποι
595 4109 725 4176 μάρτυρες
744 4107 890 4176 σοφώτατοι
910 4107 993 4161 Pind.
1009 4106 1123 4168 0.132‚
1142 4105 1170 4157 ἐν
1189 4105 1332 4172 ὑστέραισιν

159 4197 269 4266 ἡμέραις
289 4199 390 4252 Aesch.
410 4200 462 4269 Ag.
484 4200 560 4254 1651.
