3030 4672
625 251 847 315 ,85-

156 459 262 544 quivis
277 459 481 524 concedetur
498 461 542 524 ad
557 462 711 526 libellum
730 463 842 548 ipsum
858 464 1133 549 redarguendum
1151 466 1325 552 dialogum

155 565 238 630 haud
267 575 354 630 esse'
376 568 618 653 conscriptum,
653 570 813 653 quoniam
846 593 915 635 non
949 572 1058 636 solum
1091 573 1158 637 alia
1189 596 1326 658 prorsus

154 671 360 753 refelluntur,
385 674 444 738 sed
468 675 571 739 etiam
594 676 630 738 in
650 676 877 762 Antiphontis
896 677 1143 764 Xenophontei
1167 689 1202 745 et
1224 680 1326 745 mori-

154 778 211 844 bus
236 789 271 844 et
295 781 477 846 sententiis
500 784 669 867 permulta
692 783 811 849 insunt
834 806 852 847 a
876 784 956 848 libri
979 785 1071 850 illius
1103 796 1239 852 auctore
1271 787 1327 852 ab·

155 885 335 970 horrentia,
371 888 407 950 in
444 887 591 953 Socratis
626 899 743 954 contra
775 892 940 955 nonnulla
972 892 1054 956 satis
1086 894 1327 978 conspirantia.

156 991 218 1057 Sed
255 994 460 1059 confirmant
494 995 578 1059 haec
613 995 788 1061 dumtaxat
821 1007 972 1062 nostram
1009 1000 1226 1084 sententiam,
1265 1022 1329 1084 qua

156 1098 289 1165 fictione
313 1099 401 1165 facta
424 1101 633 1187 Antiphonti
657 1112 828 1189 tamquam
853 1126 1021 1188 personae
1044 1105 1227 1171 Isocratem
1252 1107 1329 1171 sub-

156 1229 224 1272 esse
248 1208 434 1292 posuimus
482 1208 641 1286 Quaestio
673 1210 780 1295 igitur
810 1220 869 1293 est,
901 1234 982 1274 num
1008 1212 1189 1297 Antiphon
1221 1213 1330 1277 libelli

156 1319 221 1397 περὶ
241 1319 394 1398 ὁμονοίας
413 1325 527 1380 auctor
541 1324 576 1380 et
590 1317 667 1380 talis
683 1315 793 1400 luerit,
815 1318 926 1402 qualis
943 1318 1071 1404 Cynico
1087 1331 1157 1385 tam
1175 1320 1329 1404 ingratus

156 1430 251 1504 esset,
285 1432 325 1486 ut
356 1422 504 1486 libenter
528 1445 566 1486 eo
599 1433 772 1507 tamquam
806 1446 949 1508 persona
980 1434 1141 1510 uteretur,
1175 1437 1210 1491 et
1241 1427 1328 1509 talis,

156 1530 245 1614 quali
269 1551 313 1593 ne
336 1529 495 1593 Isocratis
519 1538 629 1615 partes
653 1531 804 1614 agendae
827 1532 1066 1617 tribuerentur,
1100 1534 1173 1598 sive
1206 1534 1249 1598 ob
1282 1535 1326 1598 si-

153 1635 386 1701 militudinem
404 1636 576 1722 quandam
596 1637 668 1701 sive
685 1638 849 1722 temporis
868 1640 995 1703 maiore
1012 1641 1121 1726 spatio
1138 1641 1329 1722 interiect0,

152 1765 225 1809 non
250 1743 399 1808 obstaret
414 1745 568 1828 vulgaris
592 1745 719 1828 opinio.
765 1747 840 1810 Hoc
863 1748 1073 1830 argumentis
1097 1749 1238 1833 probare
1261 1770 1331 1812 non

152 1859 303 1935 oportet;
328 1850 386 1914 sed
410 1850 497 1914 illud
521 1873 654 1936 quoque
678 1853 853 1935 probabile
878 1862 937 1917 est.

243 1957 332 2021 Nam
365 1958 533 2022 contraria
555 1981 591 2022 re
613 1980 694 2022 vera
726 1959 872 2023 sensisse
896 1959 1138 2023 Antisthenem
1174 1967 1208 2023 et
1231 1958 1331 2022 Anti·
1438 1990 1441 1997 ·

151 2064 321 2148 phontem
346 2067 497 2147 ὁμονοίας
520 2083 700 2148 auctorem,
726 2088 802 2129 oum
820 2066 966 2130 eundem
984 2066 1111 2130 diceret
1125 2066 1217 2129 hunc
1233 2072 1332 2148 atque

154 2181 326 2235 oratorem
351 2179 384 2235 et
416 2171 594 2255 tragicum,
619 2172 764 2236 referte
792 2174 881 2237 ultra
910 2173 1088 2237 veritatem
1122 2172 1332 2255 aliquantum

157 2278 255 2361 elata,
288 2285 379 2341 recte
407 2290 521 2342 tamen
547 2279 666 2344 statuit
688 2279 712 2344 J
714 2279 830 2343 celius,
878 2279 981 2344 Cuius
1015 2301 1090 2343 cum
1124 2279 1190 2342 alia
1223 2277 1335 2361 capita

155 2394 231 2448 tum
254 2383 296 2447 de
312 2383 529 2469 Antiphonte
554 2395 588 2450 et
603 2385 809 2450 Antisthene
829 2387 1042 2470 singulorum
1059 2384 1333 2450 testimoniorum

160 2491 267 2574 gratia
283 2491 451 2576 inspicere
468 2492 563 2556 velis.
610 2492 677 2556 Sed
701 2515 813 2579 neque
828 2492 1009 2577 Antiphon
1034 2492 1071 2555 in
1091 2491 1335 2556 Antisthenem

160 2598 384 2662 invehebatur
407 2599 497 2681 (Jo‘el
520 2599 555 2662 Π
579 2600 653 2681 652,
678 2601 764 2681 657),
798 2622 907 2684 neque
934 2599 1167 2682 Antisthenes
1201 2621 1286 2683 quae
1317 2620 1335 2662 e

161 2703 306 2769 Stobaeo
320 2705 493 2788 habemus
514 2707 550 2769 in
571 2706 705 2790 dialogo
726 2706 869 2790 quodam
891 2705 1141 2790 Antiphontem
1160 2704 1242 2770 lecit
1260 2726 1336 2788 pro-

160 2813 377 2877 nuntiantem
401 2813 491 2895 (Jo'el
515 2813 582 2895 ib.);
616 2813 721 2877 immo
755 2836 810 2877 eas
843 2813 933 2897 ipsas
965 2813 1159 2894 sententias,
1195 2831 1336 2895 quarum

160 2919 378 2983 nuncetiam
401 2919 549 3003 legimus
572 2918 724 3002 frustula,
750 2927 784 2983 et
802 2919 1015 3004 respiciendo
1040 2929 1074 2982 et
1097 2915 1335 3001 impugnando

161 3025 298 3090 linxisse
321 3025 458 3090 videtur
481 3048 557 3090 suas
590 3026 698 3111 ipsius
722 3027 903 3091 nonnullas
937 3026 1026 3108 (Joel
1049 3025 1115 3106 ib).
1163 3022 1336 3088 Nimirum

163 3156 237 3197 eum
254 3132 446 3216 Antiphon,
470 3133 525 3197 vir
548 3133 605 3196 ille
628 3133 786 3215 urbanus,
812 3133 946 3214 nobilis,
972 3131 1118 3196 mollitia
1141 3129 1248 3194 animi
1266 3128 1337 3193 lere

162 3239 330 3322 muliebri,
359 3262 428 3304 non
454 3248 552 3323 esset,
587 3240 645 3323 qui
678 3240 712 3302 in
747 3261 881 3303 arenam
916 3239 1144 3316 descenderet,
1178 3237 1337 3321 ingratus

162 3344 264 3410 luisse
289 3346 433 3411 debebat
456 3348 641 3431 pugnatori
664 3347 716 3410 illi
739 3347 876 3430 rustico,
900 3348 973 3410 loco
998 3353 1079 3409 nato
1103 3343 1236 3426 humili,
1263 3365 1338 3407 sen-

164 3453 256 3518 sibus
280 3476 388 3538 paene
413 3454 550 3520 carenti.
1064 3456 1067 3461 ’

251 3560 366 3644 Atque
390 3561 471 3624 deos
496 3561 633 3645 quidem
658 3561 838 3645 Antiphon
872 3559 986 3624 omnia
1019 3559 1137 3622 dantes
1169 3556 1252 3621 lecit
1279 3556 1339 3620 ho-

163 3667 323 3749 minibus
350 3668 501 3731 sednon
526 3667 616 3732 bona
638 3667 749 3749 modo,
780 3675 819 3730 ut
842 3666 980 3730 divitias
1004 3674 1039 3729 et
1061 3663 1338 3748 intelligentiam,

165 3774 222 3838 sed
242 3774 345 3838 etiam
365 3776 462 3856 mala,
487 3774 709 3858 ludentesque
736 3772 805 3837 iere
833 3773 1027 3836 mortalium
1055 3771 1178 3835 misero
1204 3791 1338 3854 genere,

165 3881 287 3964 quibus
322 3890 463 3965 egerent
498 3881 539 3944 ad
575 3903 634 3944 sua
668 3879 906 3964 perpetranda;
939 3878 1165 3943 Antisthenes
1196 3885 1230 3941 et
1260 3876 1340 3939 deos

164 3987 298 4051 homini
320 3988 500 4072 providere
524 3995 625 4074 atque
649 3989 823 4052 consulere
848 3994 882 4050 et
904 3985 1071 4065 homines,
1103 4003 1341 4047 aerumnarum

165 4116 265 4178 quam
299 4095 448 4159 maxime
481 4095 574 4179 ipsos
607 4103 768 4176 auctores,
803 4094 855 4157 sui
889 4091 1022 4156 arbitrii
1057 4112 1138 4173 esse,
1175 4090 1342 4174 ipsorum-

104 4206 110 4214 ’
167 4224 230 4285 que
265 4209 298 4265 et
329 4203 542 4266 voluntatem
560 4210 610 4267 ,et
641 4202 711 4266 vim
747 4223 816 4264 non
852 4200 940 4263 nihil
970 4200 1081 4262 valere
1117 4195 1341 4261 existimabat.
