3030 4672
577 209 794 276 ,27-

95 402 332 486 voluptatibus
356 402 548 467 inescantur
570 403 736 482 hominos.
760 403 812 468 Ita
834 404 914 467 finis
937 426 1036 469 causa
1051 405 1274 470 matrimonia

96 530 231 592 quoque
248 508 488 592 contrahenda,
513 509 603 593 quod
624 520 664 574 ut
686 509 820 592 iaciant,
848 510 1004 575 homines
1024 513 1268 597 voluptatibus,

96 637 179 700 quas
192 616 340 701 praebet,
353 615 557 680 alliciuntur.
582 617 748 700 Proponit
760 626 872 681 autem
886 639 977 682 escas
990 621 1109 701 ὁ.θεός;
1123 619 1152 683 is
1164 620 1271 704 igitur

95 722 229 787 labores
253 722 380 806 suscipi
398 723 481 801 vult,
508 723 536 786 is
555 722 658 787 finem
679 723 848 807 quendam
868 732 1009 808 spectat.
1055 725 1148 789 Deus
1165 726 1271 810 igitur

96 829 296 893 hominibus
319 830 513 912 voluptates
537 828 604 912 dat,
628 837 667 894 ut
690 829 785 894 dedit
809 830 949 895 divitias
973 831 1010 894 in
1032 831 1078 916 fg.
1102 833 1154 898 54.
1203 831 1270 896 Sed

95 943 135 1000 ut
158 936 230 1000 illic
253 935 395 999 illudere
419 956 525 1019 prope
543 935 633 999 dicas
658 958 735 1000 eum
759 937 970 1003 mortalibus,
1018 939 1116 1004 Certe
1132 961 1203 1002 non
1219 947 1271 1003 est·

96 1042 276 1106 bominum
302 1049 395 1126 pater
418 1041 597 1126 benignus,
623 1042 681 1126 qui
705 1043 820 1107 onmia
844 1044 1027 1128 providens
1047 1045 1095 1108 eis
1111 1047 1270 1112 consulit.

97 1148 166 1213 Sed
189 1149 279 1233 regit
301 1148 466 1212 mundum
490 1149 698 1234 regendique
722 1150 825 1215 habet
841 1150 1018 1214 consilium
1045 1151 1089 1233 id,
1113 1161 1152 1216 ut
1167 1160 1271 1236 agant

97 1256 264 1337 homines,
288 1255 368 1318 dum
387 1254 515 1320 vivant.
544 1255 599 1318 Ad
619 1255 789 1341 agendum
810 1278 890 1340 ergo
915 1257 1069 1341 impellat
1085 1258 1166 1322 deus
1182 1280 1273 1321 mor-

97 1363 191 1444 tales,
216 1361 378 1426 nimirum
404 1385 447 1425 116
471 1361 617 1425 mundus
643 1363 715 1446 ipse
735 1362 895 1427 intereat:
920 1364 1011 1447 Opus
1032 1372 1082 1428 est
1101 1363 1162 1428 deo
1184 1386 1273 1428 mor-

99 1469 235 1535 talibus,
258 1469 306 1532 At
321 1468 439 1533 existit
461 1468 553 1550 (leus,
579 1469 732 1533 omnium
756 1492 866 1534 rerum
892 1478 960 1534 tam
985 1470 1148 1535 bonarum
1170 1493 1267 1555 quarn

97 1577 261 1640 malarum
281 1574 386 1659 dator,
411 1575 466 1639 cui
489 1597 678 1660 repugnare
702 1598 773 1640 non
796 1576 886 1659 licet,
912 1577 1007 1641 cuius
1024 1599 1104 1641 vero
1121 1578 1209 1642 dona
1232 1586 1275 1641 ut

97 1682 243 1767 accipiat
264 1682 368 1747 homo
392 1705 461 1747 non
486 1691 630 1767 oportet.

186 1807 239 1872 Ne
262 1807 344 1874 boni
362 1807 500 1891 quidem
523 1808 733 1872 matrimonii
750 1830 877 1872 meram
902 1831 974 1873 esse
998 1810 1208 1894 voluptatem
1235 1810 1269 1872 in

97 1914 295 1979 universum
312 1914 361 1979 ita
373 1924 489 1979 auctor
503 1913 707 1999 probaverat
723 1937 764 1977 ex
782 1937 831 1999 en,
846 1916 935 2000 quod
952 1937 1079 1997 omnes,
1094 1938 1274 2000 quaecum-

97 2044 164 2106 que
177 2022 248 2086 sint
258 2023 464 2106 voluptatem
483 2022 519 2085 in
536 2020 709 2085 doloribus
726 2021 835 2087 insint
849 2032 889 2087 ut
903 2045 978 2087 esca
993 2022 1102 2087 dulcis
1118 2023 1153 2085 in
1170 2023 1270 2087 hamo

97 2127 282 2196 mortifero.
328 2128 429 2193 Nunc
452 2129 663 2193 matrimonii
686 2129 787 2192 huius
812 2129 920 2213 ipsius
937 2129 1072 2213 singula
1087 2131 1270 2193 1116166111-

98 2257 232 2300 merare
255 2235 377 2319 coepit.
424 2234 565 2299 Difficili
598 2236 678 2300 huic
702 2257 836 2319 quoque
869 2237 942 2300 loco
976 2235 1270 2300 enrendationibus

98 2342 341 2408 succurrebant
352 2342 419 2408 viri
432 2343 531 2409 docti.
540 2342 560 2421 ¹)
573 2342 696 2426 quibus
706 2351 821 2406 tamen
832 2342 920 2406 curis
937 2352 1091 2407 sanatum
1108 2364 1185 2406 eum
1198 2365 1272 2406 esse

97 2448 190 2514 haud
213 2448 323 2514 video
369 2449 487 2532 Neque
511 2449 602 2511 enim
627 2448 869 2513 emendatione
902 2448 961 2512 sed
991 2449 1272 2534 interpret—atione

97 2556 259 2640 indigent
291 2578 376 2639 quae
407 2554 532 2620 tradita
563 2556 763 2641 accepimus,
817 2557 910 2641 „Ego
944 2556 1091 2639 quidem,
1125 2556 1153 2620 si
1186 2557 1272 2620 mihi

98 2662 285 2748 contigerit
306 2664 451 2727 alterum
469 2662 641 2746 quoddam
657 2662 779 2747 corpus
795 2664 872 2745 tale,
897 2664 995 2747 quale
1015 2662 1087 2747 ipse
1106 2685 1169 2747 ego
1187 2663 1272 2726 mihi

98 2771 168 2853 (scl.
192 2791 267 2834 sum
290 2770 347 2835 161
370 2769 522 2854 contigi),
547 2770 699 2834 victurus
726 2791 797 2833 non
831 2769 905 2850 sim,
937 2770 1005 2832 iam
1030 2792 1121 2832 nunc
1149 2773 1274 2849 (nitore)

98 2898 263 2962 magnam
295 2876 466 2942 sustinens
499 2899 637 2960 operam
662 2885 697 2941 61
719 2876 926 2940 valetudinis
950 2876 1051 2940 huius
1083 2876 1115 2957 (i.
1141 2898 1168 2942 e.
1193 2875 1271 2952 11161)

98 2984 251 3070 corporis
275 3005 373 3048 causa
400 2991 435 3047 et
457 2983 568 3048 victus
602 2983 765 3049 cotidiani
798 2991 832 3047 et
863 2980 981 3055 famae,
1016 2981 1271 3065 temperantiae,

97 3090 190 3177 apud
213 3090 304 3155 cives
328 3089 633 3171 existimationis.²)
681 3089 770 3168 Quid
787 3089 893 3173 igitur
916 3090 985 3171 (sel.
1003 3088 1119 3172 patiar,
1144 3096 1182 3151 ut
1205 3087 1273 3149 iam

98 3219 171 3262 non
194 3196 310 3261 vivere
333 3196 462 3280 possim
487 3196 623 3279 diutina,
648 3199 716 3261 vel:
746 3196 834 3274 Quid
858 3195 940 3259 boni
963 3195 1089 3278 igitur),
1124 3193 1152 3257 si
1187 3193 1274 3256 mihi

98 3303 284 3388 contigerit
298 3302 442 3367 alterum
462 3326 593 3388 corpus,
613 3302 704 3387 quod
724 3310 900 3385 tantopere
919 3306 1140 3386 (quantopere
1160 3322 1273 3364 meum-

99 3409 187 3474 mihi
199 3430 272 3475 esee
284 3409 367 3492 dixi)
380 3432 478 3475 curae
490 3409 576 3472 mihi
589 3410 653 3473 sit?
673 3408 822 3490 Nonne⁸l
835 3417 976 3493 apparet
987 3429 1127 3471 uxorem
1140 3406 1272 3488 marite,

191 3574 209 3635 ¹)
228 3568 300 3625 Post
316 3570 368 3638 ἐγὼ
387 3569 435 3639 γὰρ
454 3572 540 3624 verba
559 3572 586 3621 εἴ
598 3590 642 3636 μοι
662 3570 758 3637 γένοιτο
779 3587 867 3640 usquc
892 3570 927 3623 ad
954 3569 1059 3635 ἐμαυτῷ
1087 3569 1220 3621 delebant
1247 3566 1273 3620 S.

98 3660 197 3729 Mein.;
216 3658 308 3713 eidem
327 3664 395 3715 ante
412 3661 496 3717 οὕτως
515 3660 661 3713 addebant
678 3658 725 3725 μὴ.
762 3659 908 3712 Inserebat
924 3663 990 3728 post
1005 3658 1104 3728 prioris
1118 3657 1172 3709 loci
1187 3657 1274 3721 ἕτερον

98 3756 216 3802 τοιοῦτον
235 3747 364 3815 (ἐπιμελὲς
377 3748 417 3800 ὃν)
434 3746 623 3802 chlesius¹'².
643 3748 700 3801 Pro
718 3747 773 3798 οἷον
791 3747 842 3815 ἐγὼ
861 3748 916 3799 οἷον
935 3748 987 3814 ἔχω
1007 3747 1088 3800 scrib.
1104 3745 1273 3798 Weidnerus

98 3837 178 3909 apud
190 3838 294 3903 Blass.;
312 3836 440 3893 Blassius
453 3838 515 3907 ipse
531 3836 692 3891 coniciebat
703 3837 758 3888 οἷον
772 3837 825 3903 ἔχω
840 3836 868 3887 τὸ
882 3836 1003 3902 ἐμαυτοῦ,
1036 3833 1277 3888 Wilamowitzius

99 3927 212 3999 saepsit
230 3926 375 3996 [ἔμαυτῷ].

190 4014 210 4075 ’l
230 4015 407 4071 6111111661
426 4016 465 4084 fg.
484 4016 527 4069 54.

190 4103 210 4168 ⁸)
228 4104 327 4157 οὐκοῦν
345 4121 408 4159 cum
428 4103 510 4158 codd.
530 4105 682 4174 legendum
701 4121 763 4157 esse
782 4103 903 4157 videtur.
927 4101 976 4154 οὐκ
995 4101 1042 4153 οὖν
1062 4101 1163 4165 (Diels.)
1183 4100 1279 4153 minus

100 4194 254 4251 convenire
271 4195 342 4265 puto
360 4193 528 4248 sententiae.
