3030 4672
615 229 836 295 -67-

157 423 313 488 mulierem
339 445 409 487 non
433 422 557 486 habere
581 430 771 507 respectum
800 422 870 487 nisi
903 423 946 486 ad
979 444 1083 486 unum
1117 424 1313 502 maritum.¹)

155 530 276 615 Pugnae
300 538 413 594 autern
438 529 588 593 laborem
616 529 767 614 superari
790 528 983 613 pariendi.‘²)
1029 528 1233 614 Spectentur
1259 530 1313 593 his

155 644 339 721 argumenta
372 636 408 698 in
443 634 670 721 Antiphontis
703 634 749 720 ig.
773 635 816 701 49
840 635 949 700 adhuc
973 635 1142 714 servata.³)
1195 637 1313 722 Neque

154 742 315 806 audaciora
338 742 492 806 conicere
518 741 604 804 mihi
626 741 755 823 videor,
787 742 817 805 si
839 741 1087 827 Antiphonteis
1117 742 1202 826 ipsis
1225 742 1314 826 peri-

154 849 281 914 tioribus
304 850 362 913 scl.
378 848 531 934 pernotis
555 869 615 912 sua
638 870 811 932 opponere
826 849 975 913 voluisse
992 849 1114 933 opinor
1132 849 1312 933 tragicum,
1396 910 1400 917 .

154 955 264 1040 quippe
284 955 418 1040 quibus,
443 964 483 1020 ut
506 955 637 1019 studuit
654 955 720 1018 iani
743 955 876 1039 pridem
892 955 1095 1019 feminarum
1114 963 1148 1019 et
1162 954 1313 1038 ingeniis

153 1069 181 1126 et
199 1060 351 1144 fortunis,
375 1060 512 1126 feminis
536 1062 745 1126 miseriorem
770 1061 873 1126 etiam
895 1062 1003 1126 vitam
1027 1061 1216 1146 degendam
1242 1083 1314 1125 esse

153 1167 395 1252 demonstraret,
420 1190 520 1252 quam
545 1168 628 1232 viris
653 1169 694 1232 ab
717 1168 934 1252 Antiphonte
957 1168 1039 1232 solis
1061 1167 1260 1252 respectis.⁴)

227 1275 372 1360 Reliqua
395 1274 662 1340 similitudinum
686 1275 841 1358 exempla
871 1296 972 1358 quam
1005 1274 1204 1339 brevissime
1237 1296 1313 1337 cum

154 1380 223 1445 locis
236 1382 485 1466 Antiphonteis
500 1382 730 1466 composuisse
751 1404 804 1444 me
821 1382 990 1446 contineo,
1033 1380 1192 1446 Conferas
1208 1381 1314 1465 igitur

154 1486 215 1570 ipse
244 1511 299 1552 vv.
323 1490 389 1554 366
422 1511 499 1553 cum
531 1487 576 1572 fg.
600 1489 653 1570 te,
678 1490 745 1554 660
768 1510 844 1553 cum
869 1490 946 1572 64α,
976 1491 1040 1556 673
1065 1510 1142 1553 cum
1165 1489 1219 1572 49,
1248 1489 1313 1552 966

154 1596 251 1679 (κείνης
274 1599 293 1659 ὁ
318 1598 443 1678 δαίμων
466 1625 510 1649 =
533 1595 588 1658 ihr
610 1594 690 1659 hilit
713 1594 772 1658 das
797 1595 919 1675 Gluck)
950 1618 1027 1659 cum
1051 1597 1094 1660 49
1118 1604 1152 1660 et
1175 1597 1219 1661 64
1242 1594 1313 1661 sub.

155 1698 211 1783 fin„
234 1703 456 1769 1079-1080
479 1704 538 1783 (du
544 1728 567 1784 μ
576 1703 615 1772 ὸς
640 1704 674 1765 δὲ
697 1706 851 1784 κρείσσων
874 1711 938 1767 τῶν
961 1706 1049 1785 ἐμῶν
1069 1704 1313 1786 βουλευμάτων]

156 1808 236 1891 ὅσπερ
262 1812 417 1891 μεγίστων
450 1812 545 1879 αἴτιος
576 1816 689 1873 κακῶν
721 1814 846 1892 βροτοῖς
876 1808 915 1872 ci.
939 1807 983 1894 fg.
1007 1811 1083 1890 840,
1107 1810 1183 1891 841,
1208 1808 1313 1893 Hipp.

155 1914 217 1995 379)
239 1937 315 1979 cum
339 1915 418 1993 58⁶)

227 2022 280 2086 De
303 2043 372 2086 uno
396 2023 453 2085 vel
477 2022 584 2086 altero
616 2022 689 2085 loco
721 2020 807 2086 forte
840 2021 1002 2105 ambiges,
1047 2021 1166 2105 Neque
1199 2029 1312 2084 tamen

155 2128 281 2210 negabis
315 2151 333 2191 e
366 2126 476 2192 libelli
508 2127 739 2212 Antiphontei
771 2128 960 2210 sententiis²
993 2127 1022 2191 si
1052 2149 1122 2190 non
1155 2149 1231 2189 cum
1256 2128 1314 2189 Al-

156 2235 312 2317 cestidem,
338 2244 373 2301 at
396 2245 511 2300 tamen
535 2257 612 2299 cum
631 2235 786 2298 Medeam
806 2235 1040 2312 conscriberet,
1065 2232 1223 2317 Euripidi
1244 2255 1313 2296 non

155 2341 248 2406 nullas
271 2349 371 2406 notas
389 2340 503 2423 fuisse,
529 2351 563 2407 et
586 2365 718 2406 mecum
735 2340 845 2421 iacies
870 2343 899 2405 si
919 2363 988 2405 non
1005 2348 1083 2425 post
1098 2362 1224 2403 annum
1248 2340 1312 2404 431

155 2441 293 2512 libellum
319 2449 485 2532 prodiisse
509 2471 609 2533 ponc.

155 2561 352 2576 Ὢ-

232 2615 247 2675 1)
266 2609 333 2677 ἀνὴρ
353 2608 377 2661 δ’
397 2611 459 2661 ὅταν
477 2618 529 2667 τοῖς
548 2609 623 2661 ἔνδον
642 2610 754 2676 ἄχδηται
774 2609 869 2672 ξυνών,
879 2610 950 2677 [ἔξω
973 2609 1063 2675 μολὼν
1085 2609 1180 2660 ἔπαυσε
1203 2609 1315 2674 καρδίαν

155 2689 234 2765 40119)
244 2699 276 2767 [ἢ
295 2697 361 2764 πρὸς
380 2698 457 2765 φίλον
471 2698 516 2750 τιν’
536 2699 552 2765 ἢ
571 2698 637 2765 πρὸς
657 2699 748 2766 ἥλικας
768 2699 900 2766 τραπείς]
911 2698 923 2768 s
932 2698 994 2764 ἡμῖν
1012 2699 1035 2749 δ’
1050 2698 1149 2765 ἀνάγκη
1169 2696 1234 2762 πρὸς
1252 2697 1315 2761 μίαν

155 2785 230 2854 ψυχὴν
248 2787 361 2855 βλέπειν.

229 2875 247 2941 4)
267 2875 366 2943 λέγουσι
391 2875 414 2927 δ’
434 2875 503 2942 ἡμᾶς
527 2875 565 2933 ὡς
589 2875 728 2927 ἀκίνδυνον
749 2876 926 2946 βίονβζῶμεν
949 2877 1006 2927 κατ’
1030 2877 1126 2937 οἴκους,
1149 2876 1176 2925 οἳ
1197 2873 1226 2925 δὲ
1247 2873 1314 2939 μάρ-

154 2975 227 3016 νανται
250 2966 319 3030 δορί·
331 2963 444 3036 Ικακῶς
468 2972 637 3030 φρονοῦντες’
662 2964 699 3021 ὡς
723 2964 777 3030 τρὶς
796 2965 827 3016 ἂν
845 2963 907 3030 παρ’
926 2963 1021 3016 ἀσπίδα
1032 2965 1139 3033 λστῆναι
1163 2962 1263 3028 θέλοιμ’
1283 2961 1315 3014 ἂν

153 3052 235 3108 μᾶλλον
254 3054 270 3121 ἢ
290 3062 375 3106 τεκεῖν
392 3055 470 3115 ἅπαξ.

229 3142 247 3208 ⁸)
267 3143 302 3198 U.
323 3142 357 3196 de
370 3143 561 3198 Wilamowitz
581 3142 689 3206 (Herm.
703 3142 752 3196 XV
764 3144 825 3206 515)
845 3142 909 3209 φέρε
924 3141 957 3209 δὴ
972 3141 1158 3211 Antiphontis
1178 3140 1216 3193 ad
1234 3140 1315 3193 Euri·

153 3225 226 3292 pidea
252 3230 427 3286 illustranda
449 3233 507 3285 iam
526 3231 635 3296 attulit,
662 3232 830 3286 Duennuleri
850 3232 993 3301 sagacitas
1013 3230 1065 3294 (Kl.
1085 3229 1164 3284 Schr.
1184 3231 1195 3282 1
1215 3231 1313 3293 178,1)

153 3313 348 3391 Antiphontem
368 3319 443 3375 forte
461 3324 609 3375 auctorem
629 3339 691 3375 esse
709 3321 871 3390 suspicatus
891 3324 943 3374 est.
979 3319 1025 3373 Nil
1045 3319 1153 3373 habent
1171 3320 1314 3375 Wecklein

153 3405 190 3462 (ad
206 3411 240 3475 1.),
261 3410 295 3464 de
314 3409 415 3463 Arnim
435 3410 481 3474 (ad
500 3410 535 3474 1.),
555 3410 661 3464 Nestle.

227 3505 247 3563 4)
268 3499 304 3554 cf.
320 3497 392 3553 alios
408 3517 520 3569 quoque
538 3498 655 3553 fabulae
675 3499 760 3562 locos
781 3498 890 3568 quibua,
905 3498 1004 3568 quanti
1020 3496 1128 3551 fuerint
1141 3502 1243 3567 poetae
1256 3514 1314 3549 mu-

152 3577 231 3652 lieres
252 3588 374 3642 dilucide
393 3588 612 3650 demonstratur,
632 3590 797 3656 praesertim
817 3603 862 3640 vv.
882 3587 935 3639 410
954 3604 1014 3656 sqq.
1037 3586 1136 3655 Neque
1154 3585 1217 3639 ideo
1236 3585 1314 3640 facio

152 3685 205 3729 tum
221 3675 372 3741 Dielesio²‚
393 3677 442 3746 qui
461 3676 497 3729 ad
516 3677 555 3746 fg.
571 3677 605 3729 49
619 3677 707 3730 verba
725 3676 803 3743 μέγας
823 3675 871 3743 γὰρ
890 3675 961 3743 ἀγὼν
979 3675 1031 3726 nrt.
1047 3675 1218 3728 adnotabat:
1244 3675 1315 3737 „qu

152 3757 195 3818 das
211 3766 299 3820 letzte
318 3766 355 3818 ist
375 3764 422 3819 die
437 3765 534 3832 Quelle
548 3765 683 3818 vielmehr
697 3765 791 3834 Eurip.
810 3764 884 3820 Med.
900 3765 953 3817 235
972 3764 1061 3827 (nicht
1073 3763 1245 3832 umgekehrt
1263 3765 1315 3816 wie
1401 3792 1403 3797 <

152 3844 283 3909 Dummler
301 3854 391 3907 Akad.
412 3854 498 3915 171st
1109 3869 1111 3873 ·

228 3944 248 4008 1)
267 3943 358 3996 Totus
376 3943 493 3996 Medeae
512 3944 679 4011 monologus
699 3941 857 4012 exemplum
877 3943 960 4010 quasi
979 3944 1095 4012 praebet
1114 3941 1244 4003 hominia,
1269 3941 1314 4010 qui

152 4021 192 4079 Ῑὼν
208 4031 248 4083 ε’πὶ
267 4031 311 4084 τὸν
329 4031 439 4098 πλησίον
457 4039 549 4089 κακῶς
567 4032 685 4098 ποιήσων
703 4031 765 4083 οὐκ
785 4031 863 4082 ὀκνεῖ.
891 4063 924 4069 -
950 4031 1028 4085 Nota
1050 4035 1200 4101 praeterea
1223 4046 1315 4084 novae

154 4112 310 4190 disciplinae
337 4120 534 4190 scientiaeque
561 4121 672 4173 laudem
701 4123 788 4190 atque
815 4120 933 4188 gloriam
962 4125 1064 4189 (praes.
1084 4137 1128 4174 vr.
1158 4120 1225 4172 1291
1246 4136 1314 4189 sqq,

153 4201 196 4259 824
213 4215 281 4282 sqq.)
301 4211 337 4265 ab
356 4209 536 4279 Antiphonte
555 4225 667 4278 prorsus
686 4209 892 4262 abhorrentem.
