3030 4672
650 236 961 299 —81--

176 448 346 513 Platonico
364 454 407 534 (p.
425 449 490 517 279
507 451 589 532 sqq.)
606 448 722 512 eadem
739 446 809 511 lere
828 469 888 512 suo
908 447 1016 533 ipsius
1034 447 1175 512 nomine
1192 448 1347 514 Socrates

176 553 305 640 profert.
330 555 579 620 Gravissimum
596 564 688 638 pute,
708 554 798 638 quod
812 555 848 617 in
864 555 1058 618 narratione
1075 555 1135 619 illa
1147 554 1188 619 de
1202 556 1348 622 Prodico

176 661 447 744 (397D„-399A)
479 663 576 732 καλὸς
599 658 744 744 κάγαθός
773 660 937 742 laudatur,
971 669 1092 745 poetae
1125 663 1348 747 explicantur,

176 771 262 852 ἀρετή
289 771 439 832 διδακτόν
462 767 595 850 dicitur,
628 790 647 831 a
679 766 752 831 deis
785 767 835 829 nil
867 767 935 830 nisi
967 771 1075 849 ἀγαθά
1098 768 1119 832 i.
1146 791 1172 832 e.
1196 773 1350 852 εὐπραξία

176 880 252 956 (non
275 861 461 957 εἰιόαιμονίιι
477 876 533 938 vel
549 878 685 957 εἰνιοχίο)
709 877 762 938 καὶ
785 876 1006 956 καλοκάγαθία
1026 874 1237 959 impet-ratur,
1259 877 1350 962 quod

176 985 271 1065 σοφός
296 981 337 1045 ab
361 980 559 1045 hominibus
587 979 629 1044 ad
663 979 914 1065 philosophiam
947 979 1087 1044 rudibus
1110 983 1206 1046 velut
1237 987 1348 1066 μαινό-

175 1115 265 1172 μενος
278 1087 447 1154 irridetur.
472 1088 563 1165 Quae
580 1086 695 1151 omnia
711 1086 917 1171 Cynicorum
933 1096 1058 1151 sectam
1075 1089 1224 1172 sapiunt;
1239 1113 1350 1174 neque

176 1218 249 1260 casu
274 1194 413 1259 evenire
436 1203 530 1279 pute,
557 1193 647 1277 quod
671 1191 888 1276 omniafere,
914 1215 998 1276 quae
1021 1195 1136 1258 attulit
1147 1195 1350 1261 Welckerus

175 1303 246 1384 (Rh.
271 1303 317 1366 M.
341 1301 468 1382 1604),
498 1323 538 1364 ex
562 1300 780 1364 Antisthenis
804 1300 943 1384 eiusque
976 1309 1178 1365 sectatorum
1214 1303 1350 1387 scriptis

175 1407 356 1492 desumpta
372 1415 460 1472 sunt.
486 1408 538 1471 Ne
554 1409 678 1491 longus
695 1407 770 1489 sim,
789 1406 912 1470 accedo
929 1408 953 1472 J
955 1408 1052 1489 oelio,
1078 1409 1136 1492 qui
1153 1416 1187 1473 et
1201 1410 1350 1496 Eryxiae

174 1525 204 1581 et
226 1514 442 1600 Euthydemi
465 1514 577 1578 locum
600 1513 842 1579 Antisthenica
864 1515 921 1577 vel
944 1514 1074 1598 Cynica
1102 1516 1263 1598 praebere
1295 1517 1350 1581 de-

172 1621 385 1688 monstrabat
408 1623 440 1704 (l.
460 1622 479 1684 l.
503 1620 538 1683 Π
563 1623 625 1685 136
650 1642 730 1704 sqq,
756 1621 832 1703 206,
852 1622 881 1685 3.
900 1627 931 1702 4,
957 1622 1031 1703 204,
1056 1623 1255 1706 seo-855),
1279 1623 1351 1686 An-

168 1729 401 1812 tisthenisque
424 1750 497 1792 esse
521 1726 679 1791 existimo
704 1726 919 1810 sententiam,
951 1749 1016 1811 qua
1040 1750 1108 1792 non
1134 1751 1207 1793 esse
1239 1733 1350 1813 ἀγαθά

163 1846 203 1901 et
226 1838 316 1900 κακά
341 1833 475 1916 dicitur,
501 1833 560 1896 sed
584 1833 695 1897 omnis
719 1855 772 1896 res
796 1836 923 1915 ἀγαθόν
955 1833 1031 1897 fieri
1062 1835 1149 1899 bene
1178 1845 1349 1921 usurpata,

160 1944 261 2007 male
300 1943 411 2006 κακόν.
469 1938 537 2004 Sed
576 1939 702 2003 similia
734 1939 897 2023 quaedam
930 1939 1084 2004 docuisse
1124 1943 1351 2008 concedamus

156 2047 279 2114 Ceum
312 2047 565 2132 philosophum.
624 2047 673 2112 Ut
703 2054 946 2130 usurparentur
973 2045 1124 2129 divitiae,
1149 2055 1231 2112 tunc
1261 2071 1351 2113 com·

156 2154 359 2220 mondavit.
425 2153 513 2232 Quid
552 2174 632 2216 vero
671 2162 754 2217 tunc
795 2163 875 2235 erat,
916 2175 975 2216 cur
1012 2153 1272 2237 impugnaretur
1309 2157 1351 2221 ab

152 2261 401 2346 Antiphonte,
438 2259 496 2343 qui
531 2259 648 2324 eadem
678 2259 814 2324 docuit?
864 2259 1129 2345 Adstipulantur
1157 2269 1351 2346 temporum

150 2369 331 2434 rationes.
377 2367 467 2430 Nam
493 2366 640 2450 priorem
664 2388 737 2430 esse
767 2375 920 2451 apparet,
952 2366 1011 2451 qui
1040 2367 1234 2452 usurpando
1265 2391 1351 2454 opus

152 2499 246 2542 esse
272 2473 406 2555 dixerit,
432 2473 664 2558 posteriorem,
691 2473 748 2556 qui
773 2473 943 2557 sapienter
971 2481 1006 2537 et
1028 2473 1115 2538 bene
1147 2475 1350 2560 usurpando.

150 2581 400 2666 Antiphontis
424 2580 532 2665 igitur
554 2579 657 2643 verba
684 2580 815 2665 praeire
839 2601 923 2664 opus
954 2587 1005 2643 est
1029 2579 1177 2645 Socratis
1200 2581 1352 2647 Prodici·
1438 2585 1442 2591 ’

154 2712 249 2776 que,
276 2688 334 2772 qui
351 2688 518 2752 dicuntur.
546 2687 665 2773 Neque
684 2687 866 2752 Prodicum
886 2687 993 2772 igitur
1015 2687 1234 2772 impugnavit
1251 2689 1352 2755 Anti-

152 2797 280 2882 phon,
303 2804 343 2859 ut
365 2795 605 2858 Duemmlerus
628 2794 771 2877 putavit,
801 2816 912 2877 neque
935 2793 1176 2859 Antisthenem
1202 2797 1258 2859 vel
1280 2795 1351 2858 An-
1391 2844 1395 2849 .

152 2901 336 2970 tisthenis
368 2922 629 2985 praecursorem,
663 2904 702 2963 ut
725 2900 836 2963 voluit
857 2900 991 2964 Jo'elius
1015 2901 1061 2983 (H
1084 2903 1161 2983 657)
1193 2941 1237 2949 —
1270 2902 1352 2988 quid

160 3010 267 3076 enim
290 3008 455 3073 Valuisset
478 3007 514 3069 in
540 3006 706 3091 Cynicum
730 3009 911 3089 φειδόμενοι
933 3007 1019 3071 illud
1051 3011 1104 3072 καὶ
1132 3014 1352 3092 προστιθέντες

161 3114 325 3202 ildonea?
343 3154 376 3161 -—
389 3113 448 3178 sed
460 3112 697 3197 Antiphontea
714 3113 860 3178 correxit
874 3114 1037 3179 Prodicus
1048 3116 1105 3179 vel
1117 3115 1351 3181 Antisthenes

163 3221 324 3288 Axiochi
347 3230 461 3285 autem
484 3220 648 3284 Prodicea
665 3218 726 3285 vix
748 3221 899 3305 genuina
923 3243 995 3285 esse
1020 3244 1120 3305 supra
1144 3222 1214 3285 iarn
1238 3223 1352 3307 posui-

166 3351 251 3393 mus
287 3330 418 3412 (p..73).
476 3325 542 3390 Sed
571 3348 685 3390 rursus
718 3327 830 3391 inesse
864 3349 946 3392 vera
979 3328 1211 3392 concedamus.
1257 3329 1351 3394 Tunc

165 3435 339 3500 Prodicus
366 3433 473 3498 vitam
494 3433 714 3517 vituperasse,
739 3442 884 3498 mortem
913 3435 1008 3498 velut
1030 3435 1259 3500 liberatricem
1282 3437 1352 3500 lau-

172 3543 282 3624 desse,
317 3541 457 3605 alteram
490 3547 603 3604 autem
635 3539 742 3604 vitam
782 3541 925 3604 existere
958 3541 1138 3626 negavisse
1172 3543 1350 3627 putandus.

172 3649 295 3714 Altera
317 3647 424 3731 igitur
447 3646 519 3710 vita
541 3647 605 3710 hac
636 3648 792 3729 neglecta
824 3655 863 3712 ut
893 3657 1082 3732 cuperetur,
1117 3649 1256 3713 suadere
1279 3671 1350 3713 non

174 3755 298 3840 potuit.
343 3754 422 3818 Non
446 3763 518 3819 erat
540 3752 655 3837 igitur,
680 3775 740 3817 cur
757 3753 938 3837 Antiphon
962 3754 998 3816 in
1023 3777 1101 3818 eum
1124 3755 1350 3820 inveheretur.

175 3861 386 3926 Adhibuisse
415 3860 531 3944 potius
563 3882 639 3923 eum
671 3859 811 3924 dicatur.
860 3860 952 3937 Quae
987 3870 1038 3924 est
1072 3861 1249 3925 Bureschii
1284 3867 1351 3946 (pp.

178 3969 319 4050 vti—80,
345 3968 399 4047 78)
423 3966 599 4031 sententia.
647 3965 724 4050 Sed,
749 3988 824 4030 curn
850 3967 964 4051 spuria
988 3966 1059 4033 sint
1076 3967 1249 4049 Prodicea,
1275 3989 1352 4032 con·

177 4075 278 4140 traria
301 4073 404 4138 fuisse
429 4073 538 4156 debet,
563 4095 649 4156 quae
665 4073 911 4157 intercesserat,
928 4074 1024 4138 ratio.
1063 4075 1116 4137 Ex
1134 4074 1352 4158 Antiphonte

179 4182 280 4245 enirn·
301 4180 507 4266 pendebant,
548 4201 632 4263 quae
665 4180 783 4244 insunt
814 4179 852 4242 in
885 4180 1049 4263 Axioch0,
1082 4181 1234 4267 itemque
1268 4204 1352 4266 quae
