3030 4672
186 489 251 530 oum
274 468 318 532 52
343 476 377 531 et
399 468 469 550 49¹)
492 476 670 552 tantopere
694 469 899 553 conspirant,
931 477 970 534 ut
992 470 1052 534 vix
1074 469 1149 533 fieri
1175 491 1275 554 posse
1298 492 1348 533 ar-

185 572 289 656 bitror,
324 574 407 659 quin
439 573 678 658 Antiphontea
712 575 747 638 in
788 576 902 640 animo
934 576 1100 641 habuerit.
1167 577 1255 654 Quin
1294 599 1348 640 vv.

185 681 261 747 1080
284 702 357 766 sqq.
381 667 531 745 nostram
555 682 869 766 Antiphonteorum
893 683 1211 767 interpretationem
1227 704 1349 767 oppor-

182 786 353 851 tunissime
377 785 576 852 confirmare
600 799 692 873 pute.

261 893 381 979 Itaque
405 918 448 959 ne
473 894 592 960 dubito
626 895 773 980 quidem,
808 896 891 980 quin
913 918 968 960 vv.
994 897 1058 962 195
1082 918 1152 979 sqq.
1185 896 1227 960 ad
1250 895 1350 960 Anti-

180 1000 339 1081 phontem
356 1001 469 1087 ipsum
485 1012 677 1087 respectum
690 1002 879 1067 habuerint.
903 1003 973 1068 Ubi
985 1003 1077 1066 enim
1091 1025 1168 1066 oum
1182 1004 1348 1086 legamus:

388 1111 470 1184 ἔλεξε
494 1113 554 1192 γάρ
577 1136 621 1180 τις
645 1112 690 1180 ὡς
713 1112 749 1172 τὰ
773 1113 899 1193 χείρονα

388 1219 484 1280 πλείω
507 1220 664 1299 βροτοῖσίν
687 1219 747 1279 ἔστι
769 1224 834 1279 τῶν
857 1218 1041 1298 ἀμεινόνων,

173 1320 259 1384 certi
282 1321 456 1386 cuiusdam
479 1322 546 1386 viri
570 1322 775 1388 sententiam
809 1323 845 1385 in
879 1322 994 1386 animo
1027 1321 1185 1386 habuisse
1213 1330 1348 1406 poetam

168 1436 326 1513 apparet;
349 1429 550 1512 praesertim
574 1451 650 1493 cum
680 1437 761 1511 tota,
796 1450 883 1512 quae
907 1429 1134 1512 subsequitur,
1163 1427 1349 1512 disputatio

166 1553 277 1616 quam
294 1534 436 1599 minime
453 1544 534 1620 epta
550 1535 595 1600 sit
612 1531 744 1599 fabulae
764 1535 872 1616 loce.²)
912 1536 1020 1614 Quem
1035 1535 1147 1599 virum
1166 1534 1348 1598 Prodicum

163 1639 282 1704 Coum
298 1641 473 1705 nominare
490 1664 560 1706 non
577 1641 813 1719 dubitabant
842 1641 891 1706 At
905 1641 1053 1705 Axioehi
1068 1640 1196 1725 dialogi
1213 1679 1256 1688 -—
1273 1650 1351 1724 post

159 1743 328 1811 Platonis
352 1755 441 1812 certe
464 1757 599 1832 tempus
623 1747 836 1833 conseripti⁴)
860 1786 904 1795 —-
926 1747 1098 1827 Prodieea,
1124 1747 1246 1832 quibus
1271 1745 1350 1810 solis

157 1853 347 1918 sententia
361 1853 491 1935 nititur,
508 1854 606 1918 alteri
622 1876 699 1918 oum
711 1854 890 1918 Welekero
903 1876 984 1918 vera
996 1854 1159 1938 quaedam
1176 1853 1351 1919 continere

156 1959 375 2024 existimant
396 1960 527 2042 (Zeller,
552 1961 714 2041 Buresoh,
739 1961 947 2042 Duemmler,
973 1960 1153 2045 Gomperz,
1177 1956 1350 2041 Immisoh,

152 2065 276 2148 Joel),
311 2067 409 2130 alteri
440 2068 519 2132 ficta
553 2090 624 2132 esse
658 2067 776 2132 dieunt
807 2067 959 2150 (Heinze,
988 2066 1118 2148 Rohde,
1148 2066 1350 2146 Feddersen,

153 2171 217 2238 de
234 2173 469 2256 Wilamowitz,
489 2174 725 2258 Brinkmann'),
746 2173 961 2257 notendaque
980 2174 1121 2256 Dielesi,
1143 2174 1244 2237 testis
1261 2172 1351 2236 haud

152 2280 395 2364 neglegendi,
421 2281 594 2346 adnotatio
619 2282 739 2363 (Vors.¹
765 2304 796 2364 p.
820 2281 945 2362 541,9);
996 2280 1082 2365 ,Die
1106 2280 1243 2344 weitere
1266 2279 1353 2343 Aus-

150 2384 329 2472 fdhrung
360 2386 405 2452 ist
436 2388 719 2452 wahrsoheinlich
750 2388 848 2451 nicht
877 2409 936 2451 aus
959 2386 1136 2469 Prodikos,
1170 2386 1261 2449 denn
1294 2385 1353 2449 der

152 2488 292 2558 Inhalt
324 2494 368 2559 ist
399 2495 542 2558 modern
564 2495 633 2558 und
660 2496 718 2559 das
743 2494 833 2559 Oitat
855 2497 921 2559 369
944 2495 974 2557 B
998 2497 1121 2577 ἥκουσα
1146 2496 1182 2556 (λε’
1203 2518 1277 2557 ποτε
1300 2495 1352 2557 καὶ

151 2610 231 2666 ’τοῦ
256 2602 423 2683 Προδίκου
447 2605 597 2685 λέγοντος,
622 2605 667 2666 ὅτι
691 2605 709 2665 ὁ
729 2606 867 2673 θάνατος
886 2605 956 2665 οὔτε
974 2603 1044 2683 περὶ
1062 2603 1117 2671 τὰς
1136 2603 1256 2674 ζῶντάς
1275 2603 1354 2662 ἐστιν

157 2711 248 2772 οὔτε
270 2711 341 2790 περὶ
363 2711 436 2779 τοὺς
468 2711 698 2792 μετηλλαχότος
730 2712 791 2773 κτλ.
825 2708 957 2772 stimmt
988 2707 1053 2771 mit
1084 2707 1216 2791 Epikur
1248 2728 1299 2790 ep.
1322 2708 1352 2787 3,

165 2814 243 2880 125
262 2837 294 2899 p.
311 2816 363 2897 61,
381 2817 402 2880 5
426 2815 483 2880 Us
535 2815 606 2878 Der
628 2815 867 2879 Pessimismus
889 2814 975 2878 wird
998 2815 1070 2877 ihm
1094 2813 1269 2877 vielleieht
1291 2834 1355 2875 nur

160 2922 227 2985 als
250 2921 424 2986 Vertreter
455 2922 610 2986 keisoher
633 2922 988 3004 Lebensansehauung
1006 2920 1127 3002 (Strab.
1142 2920 1179 2984 X
1195 2922 1215 2986 6
1231 2943 1262 3003 p.
1278 2919 1353 3000 488,

162 3023 334 3092 Menand.
347 3026 393 3112 fg.
406 3030 471 3094 613
484 3029 525 3092 K.
540 3028 579 3092 ei.
590 3028 750 3092 Weleker
761 3028 825 3092 Rh.
836 3028 880 3091 M.
890 3027 909 3090 Ι
918 3028 983 3092 614
997 3026 1042 3109 ff.)
1057 3026 1351 3111 zugesohrieben.“

164 3133 307 3200 Contra
330 3135 371 3200 ab
391 3135 608 3220 Antiphonte
631 3136 739 3200 vitam
762 3146 801 3199 ut
824 3136 912 3198 mala
934 3136 1034 3218 plura
1059 3156 1159 3217 quam
1184 3134 1273 3198 bona
1295 3133 1354 3197 ho-

163 3241 328 3306 minibus
366 3243 588 3326 praebentem
624 3242 854 3326 vituperatam
887 3263 960 3304 esse
994 3262 1055 3324 pro
1091 3250 1182 3305 eerto
1220 3240 1354 3304 seimus

166 3344 223 3412 Et
246 3348 375 3432 optime
390 3348 637 3433 Antiphonteis
661 3371 681 3412 a
703 3348 802 3413 nobis
826 3346 992 3412 restitutis
1014 3346 1244 3430 responderet,
1270 3368 1354 3429 quae

169 3455 332 3540 sequitur
354 3456 435 3520 inde
459 3478 594 3520 eversu
615 3458 678 3523 197
703 3464 820 3520 eontra
843 3456 945 3519 talem
961 3453 1252 3539 vituperationem
1276 3475 1355 3536 apo-

169 3559 278 3646 ]ogia.
314 3562 416 3645 Quae,
435 3585 512 3627 oum
528 3563 583 3626 oui
600 3563 731 3627 auctori
747 3562 918 3643 debeatur,
931 3562 996 3626 hoo
1008 3562 1081 3625 loeo
1099 3582 1170 3624 non
1186 3581 1353 3644 quaeram,

173 3669 209 3732 si
223 3668 359 3752 quidem
383 3692 454 3734 non
478 3692 537 3734 sua
561 3669 669 3754 ipsius
692 3669 916 3753 profitebatur
931 3667 1123 3752 Euripidae,
1150 3667 1191 3730 ad
1208 3666 1354 3730 eundem

271 3812 288 3875 ¹)
309 3811 344 3865 oi.
364 3813 523 3866 Duemmler
541 3829 569 3882 p.
590 3812 650 3866 175.

268 3904 287 3964 ²)
307 3899 344 3954 oi.
363 3900 523 3955 Duemmler
541 3919 567 3970 p.
588 3901 649 3968 171,
667 3899 764 3953 Nestle
783 3915 832 3969 pp.
852 3899 894 3952 65.
915 3899 975 3962 423,
995 3899 1038 3952 41.

268 3987 287 4053 ³)
306 3988 437 4042 Weloker
454 3989 594 4044 Prodikos
613 4005 668 4044 von
688 3989 767 4043 Keos
787 3986 843 4052 (Κλ.
863 3987 940 4041 Sebr.
960 3987 994 4055 11)
1013 4005 1039 4057 p.
1058 3987 1120 4054 599,
1144 3986 1239 4055 Bergk
1258 3984 1304 4039 Gr.
1325 3986 1355 4040 h.

182 4076 213 4129 G.
227 4076 263 4130 111
281 4095 308 4148 p.
323 4079 384 4142 473,
396 4079 439 4147 26,
458 4079 619 4132 Duemmler
632 4079 724 4133 Akad.
741 4096 786 4148 pp.
801 4077 853 4130 279
868 4094 938 4148 sqq,
957 4077 1099 4146 Gomperz
1115 4074 1231 4130 Grieeh.
1246 4074 1357 4128 Denker

181 4164 273 4235 1334,
292 4166 391 4220 Nestle
408 4184 454 4237 pp.
474 4168 517 4222 66.
536 4167 597 4230 424,
612 4168 655 4220 22.

269 4255 288 4322 ⁴)
309 4253 348 4310 of.
367 4255 430 4310 Joel
450 4255 629 4309 11155adn.
650 4258 673 4309 1.
