3030 4672
639 231 855 297 -87,

167 436 196 491 et
217 427 305 492 ahos
325 425 483 490 meliores
502 425 641 490 reddere
661 434 809 510 cuperet.
846 425 955 503 Quare
976 425 1120 510 pecunia
1138 447 1206 489 non
1227 424 1337 490 fenori

167 532 238 598 data
248 531 355 615 frui,¹)
368 532 427 597 sed
439 532 516 596 aliis
529 532 687 597 donando
700 555 812 597 carere
824 531 943 597 voluit.
966 532 1136 597 Assensus
1148 532 1254 617 igitur
1265 532 1337 595 An-

164 639 314 725 tiphonti
338 639 585 723 perstringenti
610 661 725 703 eorum
750 639 940 721 stultitiam,
965 639 1025 723 qui
1048 639 1215 724 parcendo
1235 647 1337 724 atque

163 745 367 811 corradendo
387 746 494 811 vitam
514 745 621 831 ipsam
642 745 869 830 negligerent,
893 753 1020 828 tamen,
1034 768 1126 830 ,quae
1143 746 1184 810 de
1202 744 1338 810 fruendi

161 874 293 917 summa
304 854 381 937 lege
394 852 615 931 aestimanda,
627 852 668 916 de
677 853 770 917 omni
781 853 894 918 labore
907 853 1089 929 reiciendo,
1100 854 1141 918 de
1148 853 1220 919 vita
1231 855 1338 918 altera

157 982 227 1025 non
254 960 482 1045 exspectanda
505 967 667 1041 suaserat,
696 980 821 1043 negare
846 958 1024 1042 debebat.‘²)
1069 961 1236 1025 Necnon
1259 981 1337 1024 cum

155 1065 376 1152 Antiphonte
399 1064 508 1130 facere
540 1066 655 1150 potuit
680 1070 893 1151 σωφροσύνην
924 1067 1093 1136 laudante,
1141 1067 1232 1145 Quin
1264 1066 1336 1130 iure

155 1174 203 1238 ad
227 1171 274 1258 fg.
298 1174 342 1238 58
364 1173 497 1238 ‹loelius
516 1173 713 1239 adnotabat:
747 1173 817 1259 ,Ist
835 1174 907 1238 dies
926 1174 1114 1258 Fragment
1132 1174 1219 1255 echt,
1245 1173 1336 1237 dann

152 1280 203 1345 ist
215 1280 397 1364 Antiphon
416 1280 616 1365 „Sokratesl
635 1281 747 1364 (Mem.
759 1280 809 1346 IV
820 1285 851 1365 ὃ,
869 1303 968 1365 quem
984 1283 1097 1345 locum
1114 1281 1155 1344 ad
1169 1280 1336 1366 Cynicum

150 1387 327 1453 referebat
350 1387 403 1451 vir
429 1386 559 1467 doctus)
590 1387 803 1453 verwandter
835 1389 885 1452 als
916 1388 1114 1472 Xenophon
1138 1388 1209 1452 lieb
1230 1387 1336 1468 ist.“³)

151 1496 344 1560 Attamen
377 1494 440 1558 hac
464 1516 599 1578 quoque
631 1495 667 1558 in
700 1517 736 1558 re
769 1503 803 1559 et
835 1494 1037 1579 impugnare
1070 1495 1214 1559 debebat
1237 1494 1337 1558 Anti·
1447 1556 1449 1561 ,

152 1602 312 1686 phontea
335 1609 369 1665 et
392 1600 585 1683 emendare,
609 1624 720 1685 neque
740 1601 816 1665 ideo
839 1615 919 1685 tam,
945 1601 1035 1686 quod
1059 1601 1274 1686 contempsit,
1299 1609 1338 1665 ut

151 1709 182 1773 J
183 1708 292 1773 celius
305 1707 393 1772 dixit
407 1707 483 1793 ,die
500 1707 656 1772 ordinare
672 1712 866 1792 σωφροσύνη
878 1708 950 1771 und
967 1708 1338 1792 Selbstbeherrschung

154 1817 208 1879 als
224 1813 521 1899 Tausohgesch'alt,
546 1837 598 1878 wo
623 1837 703 1878 man
727 1812 783 1878 auf
806 1815 861 1878 die
884 1815 970 1879 Lust
993 1837 1058 1878 nur
1073 1815 1263 1880 verziohtet
1278 1836 1337 1878 aas

153 1920 400 2002 Raifinement,
434 1943 492 1984 um
517 1921 576 1985 der
609 1930 775 2006 spateren‚
810 1930 989 2005 grosseren
1021 1922 1107 1985 Lust
1130 1922 1258 2003 willen;
1293 1961 1337 1969 —

161 2028 435 2112 quandoquidem
459 2028 524 2092 hoc
540 2028 765 2094 Antisthenes
789 2029 862 2112 ipse
880 2028 1026 2093 faciebat
1041 2028 1218 2112 magisque
1234 2029 1336 2092 etiam

162 2158 260 2220 quarn
284 2135 474 2220 Antiphon,
503 2144 623 2219 utpote
649 2136 706 2221 qui
730 2144 927 2218 παραχρῆμα
951 2138 1068 2218 ἡδονάς
1097 2157 1167 2199 non
1199 2142 1339 2220 propter

161 2244 278 2326 ἡδονὰς
301 2246 564 2326 ἒπιγενησομένας
588 2241 760 2321 refutarat,
790 2242 848 2306 sed
871 2250 1011 2325 propter
1034 2245 1134 2313 λύπας
1158 2245 1336 2325 ἒπιγενησο-

160 2355 269 2432 μένας;
296 2389 336 2396 —-
361 2371 461 2432 quam
486 2348 572 2431 ideo,
599 2350 688 2435 quod
712 2352 905 2433 σωφροσύνη
931 2357 1103 2433 peteretur
1119 2348 1161 2411 ob
1178 2348 1336 2412 inertiam

162 2457 425 2540 languoremque
442 2455 549 2518 animi
566 2456 818 2520 commoditatis
833 2455 1158 2539 tranquillitatisque
1171 2457 1337 2536 (ἀπραξίας

162 2563 266 2648 quasi)
300 2584 407 2644 eausa,
437 2585 548 2646 neque
581 2563 623 2626 ob
656 2562 819 2627 virtutem
843 2562 1049 2648 virtutisque
1082 2562 1202 2646 gratia.
1248 2561 1336 2625 Nam

161 2668 360 2733 Antistheni
384 2672 578 2752 σωφροσύνη
603 2692 673 2733 non
698 2671 807 2733 solum
831 2669 867 2732 id
891 2677 962 2733 eret
985 2669 1133 2750 virtut-is,
1164 2667 1254 2753 quod
1279 2688 1333 2750 op·

161 2776 243 2839 time
259 2775 463 2839 nominabat
478 2776 501 2840 J
503 2776 626 2840 acobus
642 2775 858 2840 Burchhardt
874 2777 942 2855 (Gr.
954 2775 1196 2859 Kulturgeseh.
1209 2775 1244 2838 Π
1259 2776 1336 2854 343)

163 2882 241 2968 ,der
264 2882 425 2966 negative
443 2882 515 2963 Pol,
541 2882 600 2946 der
618 2883 758 2967 ngelt,
791 2883 850 2946 sed
877 2882 979 2946 etiarn
1009 2882 1088 2967 ,der
1107 2882 1255 2966 positive
1274 2881 1337 2944 Pol

160 2989 230 3053 und
253 2988 314 3052 der
338 2988 481 3074 Sporn“,
508 2989 727 3072 quamobrem
752 2990 894 3053 eandem
915 3012 988 3053 eam
1013 3011 1085 3053 esse
1106 2988 1217 3053 voluit
1236 3010 1337 3071 quam

161 3104 193 3160 et
207 3099 322 3179 σοφίαν
339 3105 373 3160 et
390 3099 630 3178 καλοκάγαθίαν
646 3095 697 3178 (ci.
713 3096 928 3161 Burekhardt
944 3096 1008 3178 ib),
1029 3103 1068 3160 ut
1083 3096 1185 3160 etiam
1203 3116 1336 3178 semper

160 3201 286 3267 inesset
308 3202 451 3284 homini,
476 3225 587 3286 neque
612 3202 723 3267 subito
748 3211 879 3267 tantum
905 3203 1060 3286 (Antiph.
1084 3202 1154 3286 lgg.
1179 3202 1271 3288 eale)
1305 3201 1337 3265 ei

160 3308 371 3391 obveniret.⁴)
425 3309 604 3374 Praeterea
633 3309 813 3394 Antiphon
851 3313 1020 3393 ἀν-αρχίαν
1053 3308 1333 3393 reprehendebat,

159 3414 385 3481 Antisthenes
410 3419 571 3499 ἀ-νομίαν.

251 3600 265 3656 ¹)
286 3595 401 3664 Antiph.
421 3595 460 3663 fg.
479 3596 522 3659 54.
543 3593 579 3650 ef.
600 3595 662 3649 deal
682 3597 743 3650 657.

248 3689 266 3749 ²)
287 3684 393 3738 Contra
411 3684 611 3738 Antisthenem
631 3684 739 3755 scripta
758 3702 821 3740 esse
840 3685 896 3754 lgg.
919 3684 970 3737 126
989 3699 1029 3754 sq.
1049 3683 1090 3736 Bl.
1111 3681 1184 3746 (Joel
1199 3682 1223 3735 ll
1237 3682 1302 3751 tbssl
1320 3687 1337 3746 ),

160 3789 232 3843 qnae
251 3790 336 3842 supra
355 3773 545 3843 exposuimus,
564 3775 711 3844 perpensis
730 3775 844 3828 minime
864 3774 1024 3828 credideris.

249 3867 267 3926 ³)
287 3865 383 3933 Neque
402 3880 469 3916 vero
489 3864 563 3917 hanc
583 3862 620 3917 ob
641 3861 857 3932 congruentiam
885 3865 920 3916 ab
946 3862 1119 3916 Antisthene
1146 3861 1248 3915 fictum
1275 3875 1338 3913 esse

160 3949 253 4005 dicere
272 3952 339 4005 licet
358 3952 561 4022 fragmentu1n3
591 3953 724 4023 quoniam
750 3968 803 4004 sua
822 3951 910 4020 ipsius
929 3952 1143 4021 pronuntianda
1161 3951 1208 4003 vix
1228 3948 1338 4003 dederit

160 4040 332 4094 adversario.

249 4128 267 4191 4)
287 4128 350 4182 Non
379 4130 504 4200 spectari
532 4129 734 4183 Antisthenem
767 4129 919 4199 fragmenti
946 4130 982 4182 59
1015 4127 1249 4197 interpretatione
1281 4127 1338 4179 iam

159 4232 303 4273 evrermus
