3030 4672
779 233 998 297 ..84-

305 450 389 514 quae
407 428 442 491 in
459 428 588 513 Gorgia
602 427 779 493 Platonico
796 427 950 492 Socrates
967 427 1105 491 suadeat
1122 426 1288 512 ,welcher
1301 427 1348 490 im
1361 428 1479 491 Leben

304 558 369 598 nur
391 534 644 626 Verbereitung
675 534 732 598 auf
763 535 822 598 das
855 534 999 600 Sterben
1033 534 1178 598 erblickt
1208 534 1280 598 und
1312 557 1372 598 aus
1401 535 1480 599 dem

304 650 474 706 κατθανεῖν
499 642 554 705 ein
578 645 683 706 naues
698 646 755 725 ζῆν
774 644 949 708 erwartet“
967 641 1043 723 (Ah.
1058 643 1123 722 80),
1150 641 1304 727 quamvis
1328 641 1482 728 adstipu-

305 748 393 813 latus
428 748 473 813 sit
506 748 727 813 Duemmlero
763 749 895 814 Jo'elius
930 749 976 831 (H
1010 750 1156 832 elcut),
1197 749 1483 833 interpretatione

305 864 421 918 nostra
442 876 611 939 perpensa
633 853 731 919 facile
755 856 905 940 negabis,
951 857 1070 939 Neque
1101 853 1286 940 fragmenti
1318 857 1363 921 54
1384 855 1484 921 fabu-

305 964 372 1026 lam
397 961 601 1045 respondere
636 961 714 1044 (Ah.
738 964 793 1042 81)
826 962 1073 1027 existimaveris
1098 961 1196 1048 ,dem
1221 961 1401 1027 Gleichnis
1434 963 1485 1027 im

306 1068 451 1152 Gorgias
475 1068 597 1150 (493E
618 1074 700 1152 sqq.)
724 1091 803 1133 vom
828 1069 1079 1135 enthaltsamen
1104 1069 1243 1148 Manna,
1277 1068 1337 1133 der
1361 1069 1484 1134 seinen

305 1175 488 1240 Reichtum
514 1175 550 1238 in
573 1174 946 1240 wohlverschlossenen
970 1173 1133 1240 Gefttssen
1156 1175 1244 1239 hat.“
1292 1175 1379 1241 Nam
1398 1177 1486 1242 Gor-

307 1283 383 1367 giae
414 1283 489 1346 loco
513 1282 555 1346 de
579 1286 733 1366 ἐπιθυμίᾳ
766 1283 887 1366 agitur,
921 1282 1158 1366 Antiphonteo
1192 1283 1234 1346 de
1267 1283 1410 1366 divitiis,
1445 1294 1487 1349 ut

306 1389 368 1453 hic
380 1396 568 1472 quaeratur,
592 1410 674 1453 num
691 1388 832 1454 divitiae
846 1411 908 1473 per
923 1411 958 1454 se
974 1388 1092 1471 bonae,
1113 1388 1185 1452 illic
1200 1412 1283 1452 num
1300 1394 1330 1454 οἱ
1344 1393 1488 1474 μηδενὸς

308 1499 450 1580 δεόμενοι
474 1498 658 1579 εὐδαίμονες
682 1495 760 1561 sint.
789 1497 841 1559 Ex
856 1518 896 1560 eo
912 1518 1005 1580 sane,
1030 1496 1120 1580 quod
1136 1495 1279 1580 utroque
1303 1498 1378 1561 loco
1396 1498 1488 1582 lapis

309 1603 445 1668 obviam
468 1603 508 1666 fit
526 1603 616 1683 (Joel
632 1604 652 1666 l.
668 1604 700 1684 l.,
717 1603 835 1668 Nestle
850 1626 881 1687 p.
896 1604 982 1684 340),
1008 1603 1057 1666 nil
1082 1601 1235 1666 efficiam.
1281 1602 1372 1668 Nam
1392 1604 1489 1688 apud

307 1710 487 1775 Platonem
516 1709 629 1790 homo,
664 1709 722 1794 qui
750 1732 820 1774 non
842 1719 958 1775 utatur
981 1709 1122 1794 divitiis,
1156 1710 1176 1773 i.
1201 1733 1227 1774 e.
1252 1714 1406 1794 ἐγκρατής
1431 1713 1490 1776 vel

308 1818 446 1900 μηδενὸς
470 1819 627 1899 δεόμενος,
659 1817 851 1900 appellatur
873 1817 969 1901 lapis,
1001 1817 1090 1901 apud
1114 1816 1366 1901 Antiphontem
1397 1819 1491 1903 lapis

310 1922 472 1988 abscondi
496 1922 639 1988 iubetur.
690 1924 736 1987 Et
759 1923 861 2007 quid?
893 1946 1006 1988 nonne
1029 1923 1065 1987 id
1088 1924 1211 2008 ipsum,
1238 1924 1329 2009 quod
1352 1926 1491 2009 respuit

311 2029 475 2111 CallicleS,
505 2032 612 2111 ὥσπερ
636 2032 729 2095 λίθον
754 2034 810 2113 ζῆν
838 2035 916 2113 μήτε
945 2033 1066 2114 χαίρων
1088 2034 1166 2114 μήτε
1189 2033 1387 2114 λυπούμενος
1412 2031 1489 2095 An-

309 2136 433 2221 tiphon
456 2136 640 2220 appetebat
662 2146 763 2220 atque
788 2159 893 2200 unum
919 2135 1097 2222 cupiebat?
1149 2136 1352 2201 Rectissime
1377 2138 1492 2222 igitur

311 2243 484 2307 monuisse
509 2242 631 2327 opinor
653 2244 909 2307 Duemmlerum
934 2250 976 2328 (p.
1000 2245 1067 2326 81):
1094 2244 1194 2330 ,Nun
1210 2244 1373 2308 bestehen
1389 2246 1493 2309 aller-

183 2338 190 2347 ’
311 2351 416 2434 dings
438 2349 605 2414 zwischen
622 2349 682 2414 der
696 2350 859 2415 Hedonik
875 2350 933 2418 des
949 2349 1127 2434 Antiphon
1150 2351 1221 2414 und
1238 2351 1297 2414 des
1312 2351 1489 2417 Kallikles

312 2456 524 2521 bedentende
547 2456 824 2540 Unterschiede,“
857 2480 967 2541 neque
990 2459 1153 2523 assentiar
1180 2458 1278 2523 alteri
1301 2458 1380 2522 viri¹
1394 2459 1493 2525 doct-i

76 3328 271 3383 Antisthenes.

89 3539 231 3611 (Xenoph.

77 3631 158 3685 Mem.
177 3629 189 3681 I
207 3631 242 3694 6).

312 2565 386 2628 loco
403 2563 483 2645 tibh:
510 2562 707 2648 ,Demnach
730 2563 828 2628 istas
852 2563 974 2628 hochst
989 2564 1280 2645 wahrscheinlich,
1306 2565 1382 2630 dass
1400 2567 1492 2631 auch

312 2669 494 2753 Antiphon
517 2668 650 2733 Farben
674 2692 716 2734 zu
740 2669 817 2733 dem
842 2670 1005 2734 Gemalde
1034 2671 1066 2752 (i.
1090 2694 1117 2734 e.
1142 2670 1292 2735 Calliclis
1322 2695 1492 2756 personae

314 2776 555 2861 depictionem)
579 2775 735 2860 gelielert
757 2777 846 2842 hat.“
896 2777 1005 2855 Quare
1021 2800 1063 2841 ne
1080 2777 1115 2839 in
1136 2777 1241 2841 simili
1258 2777 1395 2862 quidem
1413 2781 1491 2845 loco

314 2882 525 2964 morandum,
557 2904 658 2966 quem
689 2884 804 2950 attulit
827 2885 1065 2948 Duemmlerus
1088 2907 1120 2967 p.
1143 2885 1187 2948 82
1212 2906 1282 2969 sqq.
1306 2884 1427 2970 (Legg.
1454 2887 1493 2950 X

314 3013 370 3075 pp.
385 2990 451 3055 886
466 2990 581 3073 sqq.).¹l
618 2990 683 3068 Qui
700 2990 914 3054 scrutationis
931 3000 1073 3055 eventus
1089 2990 1249 3075 congruit
1264 3013 1341 3055 cum
1358 2993 1494 3056 exordii

314 3096 424 3161 nostri
447 3097 626 3179 sententia,
651 3097 719 3160 iam
743 3119 812 3160 non
834 3097 993 3160 habuisse
1008 3097 1196 3181 Platonem,
1222 3120 1280 3162 cur
1294 3098 1494 3183 Antiphon-

315 3213 384 3268 tem
409 3203 613 3287 scriptorum
637 3203 951 3287 philosophicorum
975 3212 1144 3268 auctorem
1169 3203 1371 3289 spectaretfl)

406 3310 533 3375 Contra
565 3309 648 3394 quin
679 3309 905 3374 Antisthenes
937 3310 1091 3395 libellum
1120 3312 1261 3375 anobis
1292 3322 1492 3379 revocatum

316 3417 513 3502 respexerit,
538 3416 679 3479 dubium
704 3424 821 3500 putare
844 3416 903 3479 vix
926 3438 1072 3500 possum.

409 3524 590 3602 Quaeritur
612 3543 703 3604 sane,
727 3545 809 3586 num
833 3523 1013 3607 Antiphon
1042 3524 1150 3589 libelli
1179 3532 1295 3589 auctor
1324 3525 1416 3589 idem
1448 3527 1496 3591 sit

319 3641 419 3715 atque
434 3630 613 3714 Antiphon
638 3630 696 3694 ille
714 3629 748 3693 in
769 3629 904 3714 dialogo
921 3629 1091 3696 Socratico
1115 3631 1205 3716 apud
1221 3632 1495 3716 Xenophontem

320 3738 432 3802 adhuc
466 3747 598 3802 servato
634 3738 675 3802 ab
711 3736 918 3802 Antisthene
954 3737 1122 3802 inductus.
1175 3739 1220 3803 Et
1253 3739 1318 3803 hoc
1353 3739 1495 3823 quidem

411 3933 427 3995 ¹)
448 3933 526 3998 Quae
551 3932 682 3986 adtinent
708 3949 752 3985 res
778 3931 920 4001 physicae,
939 3932 967 3984 in
987 3934 1083 4003 capite
1103 3935 1138 3988 de
1154 3933 1274 4002 Ἀληθείᾳ
1293 3933 1495 3991 tractabimus

409 4037 427 4101 ²)
447 4038 518 4092 Fieri
532 4041 638 4108 potest,
657 4041 698 4104 ut,
718 4039 765 4093 ubi
781 4039 809 4092 in
824 4038 1023 4093 Antisthenen
1041 4038 1235 4094 invehebatur
1249 4042 1447 4109 Academicus
1466 4043 1495 4095 in

320 4127 515 4181 Antistheneis
534 4128 620 4182 etiam
640 4133 739 4183 contra
757 4127 962 4197 Antiphontem
982 4129 1059 4183 dicta
1077 4129 1123 4183 hic
1142 4129 1199 4184 illic
1218 4130 1337 4185 lateant.
1376 4129 1436 4186 Sed
1454 4131 1496 4185 in·

321 4217 478 4270 certissima
497 4217 568 4271 haec
588 4218 682 4271 omnia
701 4222 767 4271 sunt
787 4217 832 4281 (cf.
851 4216 983 4271 Joiliana
1003 4219 1037 4272 de
1056 4217 1179 4288 Gorgiae
1197 4219 1279 4285 loco).
