3030 4672
742 206 1001 293 -10-'

266 421 374 504 (Blass
397 422 478 486 Ant.
503 422 564 486 ord
596 422 743 486 XXXII
766 427 855 508 sqq-l·
909 422 965 487 Ad
996 446 1095 508 quam
1119 425 1226 491 vitam
1256 432 1329 490 tota
1351 426 1444 491 redit

268 538 302 592 et
323 528 491 593 Photiana
514 528 599 612 (cod.
623 530 699 612 259)
723 539 758 595 et
780 530 1007 595 Philostratea
1028 530 1111 617 (Vit.
1125 531 1218 617 soph.
1236 532 1253 595 I
1272 534 1312 598 15
1329 556 1360 616 p.
1374 535 1441 597 211

267 635 409 721 Kays.)¹)
438 643 472 700 et
500 637 606 720 Γένος,
627 636 716 721 quod
735 637 772 699 in
791 637 963 702 codicibus
983 637 1192 703 orationibus
1212 640 1441 724 praemissum

266 742 393 826 legitur
424 743 532 825 (Blass
556 743 637 808 Ant.
662 742 723 807 οἳ.Ξ
746 743 1046 827 XXXIX-XL);
1078 745 1147 808 nisi
1179 746 1269 830 quod
1296 747 1442 811 Photius

267 871 285 912 e
308 849 395 914 libro
413 849 560 934 quodam
584 849 711 914 iudicia
729 849 920 915 Caeciliana
938 853 1135 916 continente
1156 851 1197 916 de
1213 852 1441 937 Antiphontis

267 977 421 1020 sermone
445 956 569 1021 adiecit
591 957 765 1039 iudicium,
791 958 1016 1023 Philostratus
1049 958 1222 1042 librorum,
1257 982 1341 1043 quos
1364 960 1441 1044 ipse

266 1062 455 1147 inspexisse
486 1063 633 1136 videtur,
667 1064 939 1149 descriptionem.
981 1065 1062 1130 Vita
1094 1074 1207 1131 autem
1239 1067 1442 1131 Plutarohea

266 1169 340 1255 ipsa
365 1193 382 1234 e
401 1170 592 1235 Caeciliana
613 1180 688 1237 tota
711 1171 760 1236 ita
782 1170 891 1255 fluxit,
915 1179 955 1236 ut
977 1173 1125 1256 primurn
1152 1172 1289 1256 quidem
1316 1173 1441 1237 descri-

266 1276 434 1359 berentur,
460 1300 545 1362 quae
568 1300 660 1342 nuno
683 1278 830 1362 legimus
853 1279 894 1342 ab
910 1279 1010 1342 initio
1030 1301 1136 1362 usque
1152 1279 1194 1342 ad
1209 1284 1229 1361 ξ
1247 1282 1287 1345 15
1311 1288 1330 1362 (.
1343 1331 1349 1343 .
1364 1277 1441 1358 τοῖς

265 1378 332 1460 κε’),
358 1383 482 1449 deinde
506 1407 591 1470 quae
616 1385 740 1449 omissa
765 1393 861 1449 erant
883 1384 1036 1449 indidem
1060 1385 1274 1450 edicerentur
1302 1387 1440 1469 reliqua.

265 1489 293 1552 E
317 1490 528 1556 Plutarcheis
551 1491 659 1577 igitur
681 1491 797 1557 addito
822 1500 856 1556 et
879 1491 1006 1555 iudicio
1030 1493 1191 1557 aPhotio
1215 1500 1385 1558 asservato
1405 1502 1440 1557 et

266 1595 341 1660 aliis
369 1596 572 1681 quibusdam
605 1596 758 1665 frustulis
793 1598 931 1662 aliunde
963 1598 1159 1683 repetendis
1196 1599 1330 1683 integra
1368 1599 1440 1663 iere

265 1703 398 1767 restitui
421 1712 534 1788 potest
556 1705 629 1770 vita
652 1704 851 1770 Caeciliana.
897 1705 998 1769 Hanc
1029 1727 1110 1769 vero
1144 1705 1197 1769 ita
1223 1715 1334 1769 ortam
1366 1728 1439 1770 esse

265 1818 415 1894 apparet,
448 1820 486 1875 ut
511 1833 551 1876 ex
575 1810 720 1897 singulis
744 1811 1003 1891 narrationibus,
1036 1834 1120 1895 quae
1149 1811 1190 1875 de
1219 1822 1360 1895 oratore,
1397 1812 1440 1876 de

265 1915 426 2000 sophista,
443 1917 485 1980 de
501 1917 644 2004 tragico²
671 1917 712 1982 de
731 1918 807 1982 aliis
824 1926 956 2002 praesto
977 1926 1081 2000 erant,
1107 1918 1342 2003 discrepantiis
1362 1919 1441 1983 sub·

264 2022 342 2086 latis
364 2045 433 2087 una
461 2032 721 2108 componeretur
752 2024 825 2088 vita
857 2025 1027 2089 continua.
1072 2025 1292 2089 Narrationes
1325 2034 1439 2089 autem

264 2128 353 2192 unde
376 2131 432 2193 vel
455 2129 634 2215 decerptae
657 2131 713 2194 vel
738 2132 915 2196 conclusae
937 2133 994 2196 vel
1016 2133 1114 2197 fictae
1139 2132 1217 2214 sint,
1243 2132 1440 2196 etiamnunc

264 2233 490 2318 manifestum,
521 2259 632 2322 neque
655 2237 697 2301 de
728 2239 883 2322 sophista
912 2239 994 2303 novi
1028 2239 1207 2323 quicquam
1238 2238 1440 2324 praebent.²)

263 2342 450 2408 Haeremus
473 2352 606 2408 tantum
630 2344 666 2406 in
690 2345 884 2408 narratione
910 2345 968 2408 illa
988 2344 1028 2407 de
1048 2345 1263 2428 Antiphonte
1288 2345 1439 2409 consola·

263 2458 346 2530 tore,
373 2472 449 2514 curn
473 2473 584 2534 neque
607 2449 698 2515 unde
723 2449 922 2536 deprompta
945 2472 1054 2533 neque
1074 2473 1254 2533 quemnam
1278 2452 1319 2515 ad
1338 2451 1439 2515 Anti-

264 2555 428 2640 phontem
453 2555 628 2620 referenda
652 2557 705 2638 sit,
731 2555 947 2621 discernendi
970 2558 1078 2620 ullam
1102 2557 1285 2621 habeamus
1310 2581 1437 2626 ansam.

36 2731 235 2802 Hermogenes.
353 2716 592 2801 Hermogenea
624 2716 668 2799 (A
691 2718 727 2801 2)
756 2725 869 2782 autem
894 2739 963 2782 non
987 2717 1145 2783 nituntur
1174 2718 1242 2782 nisi
1266 2740 1314 2800 ec,
1348 2719 1437 2802 quod

263 2824 505 2906 grammaticus
538 2832 571 2887 et
603 2822 747 2908 Didymi
788 2825 992 2888 sententiam
1034 2825 1206 2908 cognitam
1248 2824 1368 2888 habuit
1404 2834 1438 2889 et

265 2928 404 3007 Caecilii
439 2969 481 2978 -
516 2952 576 3014 pro
609 2952 674 3014 quo
709 2941 863 2996 auctores
898 2931 939 2995 ab
972 2932 1046 3014 ipso
1080 2931 1224 2996 adhibiti
1259 2932 1438 2996 laudantur

264 3075 307 3081 —
331 3035 372 3098 de
396 3035 594 3121 Thucydide
621 3036 827 3100 Rhamnusii
859 3037 1026 3120 discipulo
1061 3038 1297 3102 coniecturam.
1345 3039 1437 3116 Quas

264 3143 452 3207 sententias
485 3142 575 3208 inter
608 3165 642 3206 se
673 3143 861 3227 discrepare
895 3165 995 3207 sensu
1030 3167 1090 3208 suc
1124 3145 1230 3227 ipsius
1263 3154 1437 3228 permotus

264 3248 443 3330 iudicabat,
481 3249 607 3334 quippe
632 3251 685 3314 oui
709 3249 918 3335 Thucydidis
951 3272 1060 3314 sermo
1094 3251 1354 3317 similitudinem
1387 3275 1437 3315 re-

263 3352 366 3419 ferret
389 3378 458 3420 non
486 3365 555 3420 tam
581 3357 772 3420 orationum
806 3357 1010 3420 Rhamnusii
1044 3380 1144 3442 quam
1177 3358 1314 3422 alterius
1338 3359 1438 3423 Anti-

263 3462 403 3546 phontis
427 3463 506 3527 libri
531 3463 572 3526 de
596 3464 748 3528 veritate.

33 3600 189 3683 Adrastus„
352 3604 458 3668 Totus
496 3627 576 3669 vero
618 3629 635 3669 e
671 3605 815 3669 Caecilio
858 3606 1062 3690 pependisse
1101 3605 1237 3670 videtur
1271 3607 1436 3671 Adrastus

33 3671 218 3799 fflffilsm
262 3711 508 3794 Peripateticus
530 3712 572 3793 (A
584 3713 626 3793 4),
651 3712 718 3796 qui,
737 3734 813 3775 cum
832 3722 948 3796 ageret
965 3714 1041 3798 περὶ
1061 3719 1126 3778 τῶν
1146 3714 1179 3778 ἐν
1198 3720 1267 3792 τοῖς
1287 3705 1437 3792 Ἠθικοῖς

352 3925 368 3988 ¹)
388 3924 429 3978 Ut
456 3923 560 3977 iniuria
588 3925 661 3978 hano
690 3925 872 3978 adhibuerint
898 3926 1051 3996 Sauppius,
1079 3927 1258 3989 Bureschius,
1284 3926 1434 3989 Dielesius,

260 4013 379 4067 Joelius.

349 4119 366 4187 ²)
388 4120 466 4185 Quae
486 4120 520 4173 de
540 4119 639 4173 schola
659 4118 782 4190 quadam
802 4121 937 4174 instituta
956 4126 1106 4175 narrantur
1132 4127 1182 4175 aut
1201 4121 1237 4173 ad
1256 4121 1430 4190 Xenophon-

258 4210 316 4260 tem
335 4207 455 4261 redeunt
475 4213 526 4262 aut
544 4208 687 4277 pertinent
706 4209 743 4261 ad
763 4212 916 4263 oratorem.
