3030 4672
70 3135 103 3206 ig.
113 3135 258 3190 49:131.

685 186 982 288 kaa-

285 419 444 504 elegiacis
474 428 586 484 autem
610 441 679 483 non
711 441 780 483 uno
813 428 945 483 tantum
979 442 1120 484 numero
1154 419 1347 504 conspirare
1380 419 1465 484 libri

287 527 362 612 περὶ
380 518 534 610 ὁμονοίας
548 535 719 590 auctorem
732 524 821 589 inira
834 527 1088 610 explicabimus.
1109 526 1321 590 Adverbium
1335 533 1462 608 autem,

286 632 376 716 quod
400 632 517 697 eodem
537 631 637 696 modo
662 632 774 696 taedio
791 642 863 697 erat
879 633 1015 715 criticis,
1043 638 1244 716 θαυμαστῶς
1259 654 1330 697 11011
1345 632 1466 696 minus

286 749 363 824 apte
388 748 462 821 stat,
489 732 534 818 ὠς
555 739 615 804 1110
649 739 793 824 Sauppii
825 740 898 804 sive
922 739 1052 804 adiecto
1077 738 1127 822 (cf.
1151 739 1267 823 Eurip.
1291 739 1316 802 I.
1327 739 1367 802 A.
1382 739 1464 820 943)

286 847 358 911 sive
389 869 458 910 non
490 845 631 910 adiecto,
676 845 846 909 Nimirum
880 840 1056 932 110011110ξο
1091 868 1125 910 00
1158 846 1462 930 pronuntiaturum

286 975 359 1016 esse
383 951 579 1037 significans
603 962 732 1017 auctor:
758 952 906 1035 „Cuivia
931 953 1053 1036 inquit,
1079 953 1286 1017 accusationi
1310 951 1461 1017 obnoxia

286 1070 337 1124 est
359 1059 440 1140 vita,
469 1059 593 1122 mirum
616 1058 653 1121 -in
678 1058 817 1122 modum
850 1044 986 1140 (mirum
1020 1081 1122 1143 quam
1152 1059 1261 1142 bene),
1287 1081 1305 1123 0
1332 1059 1459 1124 beate.“

287 1166 386 1249 Quid,
423 1188 538 1230 11011110
576 1166 696 1230 beatus
737 1165 874 1249 quidam
916 1166 1112 1251 aptissimus
1154 1173 1215 1250 est,
1258 1166 1312 1230 cui
1354 1165 1464 1230 admi·

285 1273 384 1337 rabili
418 1273 550 1338 ratione
584 1272 772 1356 vituperari
807 1295 845 1336 ac
880 1273 1038 1356 castigari
1073 1294 1172 1358 posse
1209 1293 1286 1335 eam
1321 1272 1465 1336 demon·

286 1379 430 1444 stretur?
475 1379 590 1463 Atque
624 1379 758 1463 reliqua
794 1400 928 1464 quoque
965 1378 1148 1464 fragmenti
1186 1379 1463 1463 interpretationi

285 1495 421 1551 nostrae
453 1485 637 1570 adspirant.
691 1485 842 1551 Crimina
875 1486 967 1550 enim
1000 1486 1095 1569 quasi
1129 1493 1218 1570 sunt,
1252 1508 1336 1569 quae
1369 1486 1465 1552 vitae

285 1592 417 1674 dautur,
450 1592 584 1676 negatis
615 1592 746 1656 scilicet
772 1613 859 1676 quae
892 1614 960 1657 non
993 1592 1116 1657 habeat
1148 1593 1247 1675 bona,
1283 1591 1461 1657 affirmatis

286 1699 408 1783 quibus
431 1708 566 1783 turgeat
589 1698 726 1780 malis.¹)
771 1698 849 1764 Non
882 1699 992 1763 inesse
1021 1699 1111 1762 enim
1145 1699 1225 1763 huic
1248 1699 1340 1763 vitae
1365 1699 1463 1784 quid-

287 1827 390 1890 quam
413 1805 616 1887 abundans²)
640 1807 695 1870 vel
719 1827 882 1890 magnum
905 1807 960 1870 vel
984 1805 1139 1890 sublime,
1173 1805 1231 1870 sed
1262 1806 1377 1870 omnia
1399 1807 1465 1869 mi·

286 1912 427 1976 nuscula
450 1920 484 1976 et
507 1912 622 1994 levia3)
647 1920 681 1976 et
710 1912 808 1997 parvi
839 1912 1030 1997 temporis⁴)
1063 1920 1097 1976 et
1129 1913 1263 1996 magnis
1287 1913 1465 1977 doloribus

287 2019 463 2104 permixta.

374 2143 532 2207 Pluribus
557 2165 658 2228 quam
691 2143 772 2208 alibi
803 2151 919 2208 auctor
952 2143 1058 2207 utitur
1090 2143 1205 2208 verbis
1238 2152 1272 2208 et
1303 2143 1357 2207 his
1390 2143 1464 2209 1010

286 2251 503 2337 synonymis;
527 2250 674 2315 libenter
696 2250 761 2313 hoc
786 2249 908 2336 Cynici
935 2250 1071 2314 verbosi
1103 2249 1275 2314 fictionem
1308 2250 1464 2315 indicare

287 2366 427 2439 statuas;
444 2366 476 2421 at
491 2367 606 2421 tamen
622 2379 742 2441 parum
758 2356 858 2421 tritae
874 2378 974 2420 voces
992 2364 1080 2438 sunt,
1099 2379 1202 2441 quam
1219 2379 1301 2441 quas
1315 2356 1465 2442 Cynicas

287 2465 448 2548 appelles,
474 2464 662 2547 colorisque
686 2462 815 2547 aliquid
838 2463 970 2547 proprii
994 2485 1111 2527 omnes
1135 2463 1352 2547 proferentes

376 2588 638 2653 Conclusionem
677 2588 783 2672 igitur
814 2587 925 2652 denuo
958 2587 1132 2654 faciamus.
1195 2588 1462 2672 Sublimitatem,

288 2694 543 2775 abundantiam,
578 2694 848 2773 diuturnitatem,
885 2694 1041 2760 dolorum
1076 2694 1266 2760 absentiam
1302 2696 1463 2780 cupiebat

286 2809 414 2883 auctor3
445 2823 533 2885 quae
564 2823 640 2865 cum
670 2824 740 2866 non
764 2802 970 2886 suppeditet,
1007 2801 1230 2865 miserrimam
1263 2803 1462 2887 increpabat

286 2910 403 2973 vitam.
426 2908 564 2973 Totam
579 2930 659 2973 vero
675 2908 781 2972 vitam
806 2908 965 2973 miseram
990 2931 1066 2973 eum
1091 2907 1216 2972 dixisse
1240 2904 1303 2973 nos
1323 2908 1462 2993 quidem

286 3016 471 3101 posuimus.

375 3122 420 3187 Et
453 3143 529 3186 ecce
563 3130 697 3206 praesto
733 3129 784 3185 est
817 3120 1047 3206 fragmentum
1082 3121 1175 3186 aliud
1209 3123 1332 3209 491131
1369 3124 1461 3207 apud

287 3227 471 3294 Stobaeum
487 3227 524 3291 in
540 3228 652 3313 capite
670 3229 738 3293 “On
763 3231 821 3292 οὐκ
846 3231 970 3311 ἀγαθὸν
993 3230 1028 3292 τὸ
1053 3237 1162 3312 γαμεῖν
1186 3238 1367 3312 servatum,
1394 3251 1462 3312 quo

286 3335 378 3401 vitae
401 3357 479 3420 pars
502 3334 716 3419 vituperatur
738 3334 795 3417 ita,
820 3343 859 3399 ut
882 3358 900 3399 e
923 3336 1029 3399 totius
1052 3335 1265 3399 accusatione
1281 3335 1464 3420 desumpta

379 3499 394 3559 ¹)
413 3493 538 3547 Primum
557 3492 602 3544 καὶ
622 3492 771 3547 delendum
790 3509 852 3545 0000
872 3492 1009 3560 existimo,
1029 3492 1096 3562 quia
1109 3509 1200 3562 neque
1215 3509 1289 3561 quae
1304 3498 1463 3562 sequuntur

286 3584 374 3636 verba
394 3582 561 3636 coordinata
580 3585 646 3635 sunt
663 3581 812 3651 prioribus,
832 3598 923 3651 neque
941 3580 986 3633 καὶ
1005 3580 1178 3633 οὐδὲν-οὐδὲ
1192 3582 1255 3634 1000
1269 3581 1328 3632 οὔτε
1342 3581 1463 3633 τι-οὔτε

287 3675 364 3725 stare
382 3675 487 3741 potest.
523 3670 624 3740 Neque
649 3671 743 3740 gravis
770 3675 815 3725 est
840 3671 1000 3724 emendatio
1027 3671 1055 3724 111
1082 3674 1165 3724 tanta
1188 3669 1392 3740 particularum
1415 3671 1461 3722 καὶ

287 3759 475 3814 abundantia.

376 3847 695 3913 2101.Ηο0.1’11.399,
724 3848 797 3902 Ρ1011
820 3850 851 3903 P.
875 3849 898 3900 ll
923 3849 967 3912 91,
994 3849 1064 3902 Xen.
1084 3848 1146 3916 Cyr.
1165 3847 1214 3900 Vll
1233 3848 1258 3912 2,
1285 3848 1317 3899 21
1348 3846 1461 3913 (περιττὰ

286 3945 340 3989 τῶν
358 3938 530 4005 ἀρκούντων).

377 4032 395 4091 ³)
416 4027 456 4080 Gi.
475 4027 549 4081 Xen.
567 4027 649 4080 Mem.
669 4026 705 4079 lll
724 4029 784 4091 7,5.
828 4027 943 4080 Infirma
967 4023 1092 4080 fortasse
1127 4026 1216 4086 (Pind.
1236 4026 1335 4094 l'ragg.
1357 4026 1461 4093 Pross.)

287 4132 378 4186 neque
397 4132 465 4169 vero
484 4133 608 4186 paupera
628 4115 702 4179 (Eur.
721 4115 819 4185 Suppl.
839 4117 899 4169 433.
919 4114 990 4184 435).
1209 4134 1213 4141 ’

377 4205 395 4270 ⁴)
415 4205 456 4259 Cf.
476 4222 560 4276 quam
579 4205 673 4274 magni
694 4205 825 4258 aestimet
844 4204 990 4274 Antiphon
1009 4203 1053 4255 τὸν
1070 4205 1165 4270 χρόνον
1185 4203 1234 4271 (ig.
1254 4203 1371 4273 7711371.
