3030 4672
713 235 930 297 „32-

236 427 507 510 cognoverimus,
549 428 663 491 animo
705 429 966 513 conspirantem.
1022 432 1067 495 Et
1104 454 1138 494 re
1170 453 1250 494 vora
1286 431 1416 494 haecce

237 532 362 596 dixisse
387 534 579 618 putaverim
611 544 795 599 auctorem:
841 537 919 601 Vita
950 548 1064 603 nostra
1095 537 1328 602 adsimulanda
1359 548 1417 601 est

237 640 377 704 stationi
409 641 558 721 diurnae,
595 642 688 706 vitae
724 642 871 726 spatium
901 667 981 708 vero
1018 645 1157 708 stationi
1191 645 1292 708 unius
1329 643 1412 724 diei,

237 770 337 831 quam
357 748 606 811 successoribus
628 749 801 831 tradimus,
827 750 967 814 simulac
983 752 1065 815 novi
1081 751 1149 814 diei
1165 753 1224 814 lux
1239 751 1412 835 apparuit.

238 854 399 930 Quamvis
424 877 533 939 neque
558 877 639 919 sana
662 878 799 940 prorsus
822 878 885 920 nos
909 858 1059 941 legere,¹l
1084 880 1193 943 neque
1217 858 1294 921 talis
1313 857 1413 922 vocis

237 965 396 1044 ἐφήμερος
421 962 572 1025 notionis
595 963 686 1047 apud
701 963 886 1028 veteriores
911 964 1048 1047 quidem
1066 965 1247 1048 scriptores
1263 965 1413 1029 Graecos

168 1129 170 1133 ,
238 1069 430 1151 exemplum
454 1068 603 1132 inveniri
627 1070 773 1133 libenter
796 1070 953 1153 equidem
978 1071 1170 1134 concedam.

326 1175 512 1239 Contendit
536 1198 616 1239 sane
640 1189 756 1240 auctor
774 1177 878 1240 vitam
904 1177 1084 1240 humanam
1112 1177 1413 1241 laboriosissimam

238 1304 311 1346 esse
335 1290 507 1366 tamquam
533 1283 724 1363 stationem,
750 1283 785 1346 in
811 1305 875 1368 qua
904 1305 1036 1369 semper
1059 1285 1213 1368 vigilare,
1243 1284 1305 1348 sub
1330 1284 1412 1346 divo

238 1389 367 1471 cubare,
400 1389 544 1473 pedibus
568 1405 665 1471 staro,
690 1413 733 1453 ue
757 1390 865 1453 hostis
895 1390 1063 1475 irrumpat
1093 1391 1213 1455 timere
1244 1400 1413 1474 oporteat;

238 1517 348 1580 neque
371 1497 448 1559 usui
473 1518 545 1559 esse
569 1496 700 1559 homini
721 1519 805 1582 quae
825 1498 1034 1579 sustinuerit,
1060 1498 1118 1561 sed
1139 1498 1211 1561 sine
1231 1498 1352 1581 preti0,
1378 1511 1416 1561 et

238 1618 319 1666 tunc
342 1604 464 1686 ipsum,
483 1625 559 1666 oum
576 1612 654 1686 post
668 1604 778 1667 noctis
790 1604 945 1667 tenebras
962 1603 1034 1668 dies
1052 1605 1187 1687 oriatur,
1212 1603 1412 1707 tradendam

239 1711 328 1774 hanc
344 1710 450 1773 vitam
467 1711 522 1773 sol.
539 1709 774 1773 brevissimam
793 1711 936 1795 posteris
953 1709 1042 1773 haud
1060 1709 1157 1772 aliter
1173 1731 1210 1772 ac
1231 1707 1416 1772 succeden-

239 1817 330 1880 tibus
355 1817 545 1881 stationem.

329 1924 440 2000 (litare
463 1924 530 1988 huc
553 1924 722 2008 pertinere
747 1933 829 2008 puto
864 1924 965 1988 etiam
990 1925 1137 2007 glossam
1168 1923 1271 2005 illam,
1307 1944 1413 2007 quam

240 2054 257 2092 e
286 2030 372 2093 libro
402 2033 472 2113 περὶ
503 2035 653 2114 ὁμονοίας
681 2031 818 2094 fluxisse
846 2031 1068 2114 Harpocratio
1097 2030 1298 2094 testificatur
1325 2031 1414 2094 αὐλι-

240 2139 363 2220 ζόμενοι
389 2141 453 2202 ἀντὶ.
476 2147 531 2202 τοῦ
555 2143 749 2221 κοιμώμενοι
778 2138 961 2225 isssssllssra
994 2149 1031 2201 ut
1055 2136 1272 2220 descripserit
1295 2144 1416 2200 auctor

240 2244 472 2308 excubationis
497 2245 666 2324 dolores3)

327 2351 428 2414 Plura
452 2350 584 2415 efficere
615 2352 735 2432 nolim;
767 2373 876 2435 neque
906 2351 1137 2415 Heracliteum
1171 2350 1316 2414 dixerim
1340 2348 1419 2413 Au-

238 2458 432 2542 tiphontem
468 2459 575 2523 vitam
609 2481 678 2520 non
714 2458 778 2521 nisi
814 2458 1010 2521 demandari
1043 2457 1239 2521 hominibus
1272 2455 1420 2520 arbitra-

239 2576 321 2628 tum.
367 2564 523 2628 Eundem
548 2573 658 2628 autern
684 2565 794 2628 inesse
819 2565 970 2628 animum
994 2563 1039 2648 ig.
1064 2567 1115 2645 50,
1146 2586 1247 2649 quern
1270 2563 1420 2647 reliquis

241 2673 309 2735 iam
342 2671 504 2751 tractatis,
540 2671 681 2734 eandem
718 2694 828 2735 rerum
872 2671 1170 2755 comparandarum
1212 2693 1288 2734 cum
1321 2692 1415 2734 com-

240 2779 368 2863 paratis
402 2778 436 2841 in
462 2800 566 2841 unum
602 2779 884 2862 complexionem,
919 2779 1035 2842 eadem
1067 2778 1178 2859 rerba,
1211 2787 1250 2842 ut
1281 2779 1316 2840 τὸ
1344 2781 1413 2860 ζῆν,

240 2891 331 2968 ἔοικε,
365 2885 477 2969 quivis
510 2885 584 2970 ipse
617 2886 790 2969 intelligit.
846 2886 921 2949 Hoc
953 2885 1170 2969 potissimum
1198 2884 1316 2964 haben,
1346 2883 1414 2947 hoo

241 3015 374 3078 quoque
398 2992 627 3075 fragmentum
650 2993 787 3056 uberius
817 2993 984 3075 explicare
1009 3015 1055 3073 ea,
1089 3014 1173 3074 quae
1197 2991 1320 3072 511132
1352 3013 1414 3074 po-

241 3107 363 3163 suerat:
409 3098 533 3163 habere
564 3100 694 3163 scilicet
724 3099 829 3164 vitam
860 3099 909 3162 nil
941 3099 1057 3182 magni
1080 3099 1136 3161 vel
1165 3098 1319 3179 sublime,
1352 3098 1414 3161 sed

242 3206 356 3270 omnia
387 3228 459 3268 esse
494 3208 690 3289 ὀλιγοχρόνια
713 3209 766 3270 καὶ
790 3209 907 3289 σμικρὰ
931 3209 984 3270 καὶ
1007 3209 1134 3289 ἀσθενῆ.
1183 3206 1255 3282 Quo
1280 3206 1414 3268 elucere

242 3323 322 3398 puto
347 3313 411 3376 hoc
435 3314 501 3392 (50)
525 3313 724 3376 successisse
748 3313 799 3375 illi
823 3315 897 3394 (51).

329 3419 395 3483 Sed
420 3419 592 3504 paulisper
615 3419 705 3483 sinas
729 3428 762 3483 te
787 3419 827 3483 ad
846 3420 938 3483 aliud
960 3418 1186 3503 fragmentum
1205 3419 1295 3482 reici.
1335 3417 1414 3501 Spi-

241 3526 459 3590 nosissimum
477 3526 702 3612 di0048s108.
750 3527 847 3604 Quod
872 3539 1042 3592 servatum
1059 3527 1095 3589 in
1113 3526 1267 3610 pluribus
1294 3525 1414 3589 lexicis

241 3631 329 3716 (Seg.
345 3633 385 3715 V,
409 3633 516 3713 Phot,
543 3633 645 3716 scic,
670 3634 708 3699 E.
729 3635 783 3715 M,
809 3634 973 3709 Eustath.l
997 3634 1033 3696 in
1053 3633 1239 3697 Pausaniae
1258 3634 1314 3698 vel
1329 3633 1415 3696 Dio-

333 3782 348 3837 ¹,
367 3776 564 3829 Pulcherrima
583 3777 627 3828 est
646 3776 766 3829 llielesi²
785 3777 962 3830 coniectura:
998 3777 1086 3841 μοῖραι
1106 3781 1164 3845 (ριο
1184 3775 1285 3842 ἡμέραι)
1310 3801 1343 3820 =
1364 3778 1413 3828 uui

242 3864 422 3917 excubiarum
443 3864 567 3932 vigiliue3
587 3864 623 3917 ο1,
642 3865 705 3917 Eur.
725 3864 812 3919 Rhes.
832 3866 849 3918 5
869 3882 930 3918 curn
951 3865 1037 3919 schol,

331 3951 350 4016 ²)
368 3977 402 3998 1-
412 3955 555 4007 excubare
569 3951 603 4008 cl.
619 3953 682 4006 Her.
697 3954 734 4007 IX
748 3955 790 4019 37,
806 3956 871 4008 Eur.
885 3955 925 4006 ΕΙ.
941 3954 1001 4017 301,
1017 3953 1103 4006 Thuc.
1113 3970 1197 4020 pass..
1208 3954 1309 4008 Aeselr.
1320 3955 1374 4023 Ag,
1385 3956 1413 4018 ⁴2,

242 4041 311 4094 Xen.
332 4042 393 4110 cyr.
415 4043 469 4101 12,
489 4044 513 4094 4.
528 4044 552 4095 9.

332 4135 349 4194 ³)
369 4130 413 4184 Ne
432 4131 641 4185 dormientes
662 4132 771 4202 quoque
786 4132 930 4187 doloribus
949 4149 1001 4204 rios
1022 4130 1142 4186 cruciari
1164 4137 1306 4184 auctorem
1327 4147 1414 4200 expo·

242 4219 332 4273 suisse
351 4236 367 4273 e
385 4219 547 4288 fragmento
566 4221 685 4288 efficias,
705 4222 781 4276 verbi
800 4221 950 4282 αὐλίζεσθαι
970 4222 1113 4276 notionem
1134 4222 1247 4274 obstare
1266 4229 1345 4291 puto
