<?xml version="1.0" encoding="UTF-8"?>
<!DOCTYPE html PUBLIC "-//W3C//DTD XHTML 1.0 Transitional//EN"
    "http://www.w3.org/TR/xhtml1/DTD/xhtml1-transitional.dtd">
<html xmlns="http://www.w3.org/1999/xhtml" xml:lang="en" lang="en">
 <head>
  <title>
</title>
<meta http-equiv="Content-Type" content="text/html;charset=utf-8" />
  <meta name='ocr-system' content='tesseract 3.04.00' />
  <meta name='ocr-capabilities' content='ocr_page ocr_carea ocr_par ocr_line ocrx_word'/>
</head>
<body>
  <div class='ocr_page' id='page_1' title='image "./deantiphontequi00altwgoog_0015.png"; bbox 0 0 3030 4672; ppageno 0'>
   <div class='ocr_carea' id='block_1_1' title="bbox 765 196 962 260">
    <p class='ocr_par' dir='ltr' id='par_1_1' title="bbox 765 196 962 260">
     <span class='ocr_line' id='line_1_1' title="bbox 765 196 962 260; baseline -0.005 -18"><span class='ocrx_word' id='word_1_1' title='bbox 765 196 962 260; x_wconf 74' lang='grc'>..8-</span> 
     </span>
    </p>
   </div>
   <div class='ocr_carea' id='block_1_2' title="bbox 278 388 1448 476">
    <p class='ocr_par' dir='ltr' id='par_1_2' title="bbox 278 388 1448 476">
     <span class='ocr_line' id='line_1_2' title="bbox 278 388 1448 476; baseline 0.004 -26"><span class='ocrx_word' id='word_1_2' title='bbox 278 409 348 451; x_wconf 90' lang='lat' dir='ltr'><strong>non</strong></span> <span class='ocrx_word' id='word_1_3' title='bbox 390 397 441 452; x_wconf 91' lang='lat' dir='ltr'><strong>est</strong></span> <span class='ocrx_word' id='word_1_4' title='bbox 481 388 549 452; x_wconf 92' lang='lat' dir='ltr'><strong>nisi</strong></span> <span class='ocrx_word' id='word_1_5' title='bbox 590 390 783 453; x_wconf 87' lang='lat' dir='ltr'><strong>coniectura</strong></span> <span class='ocrx_word' id='word_1_6' title='bbox 817 389 967 453; x_wconf 91' lang='lat' dir='ltr'><strong>hominis</strong></span> <span class='ocrx_word' id='word_1_7' title='bbox 1009 411 1089 454; x_wconf 90' lang='lat' dir='ltr'><strong>sane</strong></span> <span class='ocrx_word' id='word_1_8' title='bbox 1126 390 1317 456; x_wconf 77' lang='lat' dir='ltr'><strong>doctissimi</strong></span> <span class='ocrx_word' id='word_1_9' title='bbox 1353 413 1448 476; x_wconf 87' lang='lat' dir='ltr'><strong>saga-</strong></span> 
     </span>
    </p>
   </div>
   <div class='ocr_carea' id='block_1_3' title="bbox 246 493 1449 580">
    <p class='ocr_par' dir='ltr' id='par_1_3' title="bbox 246 493 1449 580">
     <span class='ocr_line' id='line_1_3' title="bbox 246 493 1449 580; baseline 0.003 -23"><span class='ocrx_word' id='word_1_10' title='bbox 246 558 249 565; x_wconf 71' lang='lat'><em>,</em></span> <span class='ocrx_word' id='word_1_11' title='bbox 278 493 482 578; x_wconf 80' lang='lat' dir='ltr'><strong>cissimique‚</strong></span> <span class='ocrx_word' id='word_1_12' title='bbox 508 517 592 579; x_wconf 89' lang='lat' dir='ltr'><strong>quae</strong></span> <span class='ocrx_word' id='word_1_13' title='bbox 615 518 697 559; x_wconf 92' lang='lat' dir='ltr'><strong>num</strong></span> <span class='ocrx_word' id='word_1_14' title='bbox 726 495 899 580; x_wconf 87' lang='lat' dir='ltr'><strong>probanda</strong></span> <span class='ocrx_word' id='word_1_15' title='bbox 933 496 986 578; x_wconf 86' lang='lat' dir='ltr'><strong>sit,</strong></span> <span class='ocrx_word' id='word_1_16' title='bbox 1020 497 1240 580; x_wconf 88' lang='lat' dir='ltr'><strong>inquiremus,</strong></span> <span class='ocrx_word' id='word_1_17' title='bbox 1275 520 1352 562; x_wconf 90' lang='lat' dir='ltr'><strong>cum</strong></span> <span class='ocrx_word' id='word_1_18' title='bbox 1383 499 1449 562; x_wconf 81' lang='lat' dir='ltr'><strong>viri</strong></span> 
     </span>
    </p>
   </div>
   <div class='ocr_carea' id='block_1_4' title="bbox 275 600 1496 1647">
    <p class='ocr_par' dir='ltr' id='par_1_4' title="bbox 275 600 1496 1647">
     <span class='ocr_line' id='line_1_4' title="bbox 278 600 1496 688; baseline 0.006 -26"><span class='ocrx_word' id='word_1_19' title='bbox 278 600 380 680; x_wconf 88' lang='lat' dir='ltr'><strong>illins,</strong></span> <span class='ocrx_word' id='word_1_20' title='bbox 405 623 504 685; x_wconf 93' lang='lat' dir='ltr'><strong>quem</strong></span> <span class='ocrx_word' id='word_1_21' title='bbox 529 603 666 667; x_wconf 76' lang='lat' dir='ltr'><strong>subesse</strong></span> <span class='ocrx_word' id='word_1_22' title='bbox 690 602 806 686; x_wconf 88' lang='lat' dir='ltr'><strong>posuit</strong></span> <span class='ocrx_word' id='word_1_23' title='bbox 829 602 975 686; x_wconf 82' lang='lat' dir='ltr'><strong>dialogo,</strong></span> <span class='ocrx_word' id='word_1_24' title='bbox 1000 610 1153 668; x_wconf 89' lang='lat' dir='ltr'><strong>naturam</strong></span> <span class='ocrx_word' id='word_1_25' title='bbox 1178 611 1279 688; x_wconf 89' lang='lat' dir='ltr'><strong>atque</strong></span> <span class='ocrx_word' id='word_1_26' title='bbox 1298 604 1448 669; x_wconf 81' lang='lat' dir='ltr'><strong>indolem</strong></span> <span class='ocrx_word' id='word_1_27' title='bbox 1494 680 1496 683; x_wconf 87' lang='lat'>.</span> 
     </span>
     <span class='ocr_line' id='line_1_5' title="bbox 276 705 1449 794; baseline 0.003 -24"><span class='ocrx_word' id='word_1_28' title='bbox 276 705 477 792; x_wconf 72' lang='lat' dir='ltr'><strong>fragmentis</strong></span> <span class='ocrx_word' id='word_1_29' title='bbox 500 709 703 774; x_wconf 86' lang='lat' dir='ltr'><strong>examinatis</strong></span> <span class='ocrx_word' id='word_1_30' title='bbox 730 709 1004 794; x_wconf 80' lang='lat' dir='ltr'><strong>cognoverimus3</strong></span> <span class='ocrx_word' id='word_1_31' title='bbox 1037 710 1131 794; x_wconf 90' lang='lat' dir='ltr'><strong>prior</strong></span> <span class='ocrx_word' id='word_1_32' title='bbox 1163 719 1254 776; x_wconf 89' lang='lat' dir='ltr'><strong>certa</strong></span> <span class='ocrx_word' id='word_1_33' title='bbox 1285 712 1449 776; x_wconf 86' lang='lat' dir='ltr'><strong>memoria</strong></span> 
     </span>
     <span class='ocr_line' id='line_1_6' title="bbox 277 814 1447 903; baseline 0.004 -26"><span class='ocrx_word' id='word_1_34' title='bbox 277 814 343 878; x_wconf 86' lang='lat' dir='ltr'><strong>niti</strong></span> <span class='ocrx_word' id='word_1_35' title='bbox 366 815 509 879; x_wconf 86' lang='lat' dir='ltr'><strong>videtur.</strong></span> <span class='ocrx_word' id='word_1_36' title='bbox 554 816 691 880; x_wconf 79' lang='lat' dir='ltr'><strong>Etenim</strong></span> <span class='ocrx_word' id='word_1_37' title='bbox 722 816 872 901; x_wconf 91' lang='lat' dir='ltr'><strong>tragicus</strong></span> <span class='ocrx_word' id='word_1_38' title='bbox 903 816 1049 901; x_wconf 81' lang='lat' dir='ltr'><strong>quidem,</strong></span> <span class='ocrx_word' id='word_1_39' title='bbox 1082 817 1122 880; x_wconf 90' lang='lat' dir='ltr'><strong>de</strong></span> <span class='ocrx_word' id='word_1_40' title='bbox 1147 839 1213 901; x_wconf 90' lang='lat' dir='ltr'><strong>quo</strong></span> <span class='ocrx_word' id='word_1_41' title='bbox 1237 840 1256 881; x_wconf 90' lang='lat' dir='ltr'><strong>a</strong></span> <span class='ocrx_word' id='word_1_42' title='bbox 1278 818 1447 903; x_wconf 89' lang='lat' dir='ltr'><strong>Dionysio</strong></span> 
     </span>
     <span class='ocr_line' id='line_1_7' title="bbox 278 921 1448 1008; baseline 0.002 -23"><span class='ocrx_word' id='word_1_43' title='bbox 278 921 487 1006; x_wconf 81' lang='lat' dir='ltr'><strong>Syracusano</strong></span> <span class='ocrx_word' id='word_1_44' title='bbox 520 931 639 988; x_wconf 88' lang='lat' dir='ltr'><strong>necato</strong></span> <span class='ocrx_word' id='word_1_45' title='bbox 672 923 783 1004; x_wconf 80' lang='lat' dir='ltr'><strong>(Rhet.</strong></span> <span class='ocrx_word' id='word_1_46' title='bbox 806 923 841 986; x_wconf 91' lang='lat' dir='ltr'><strong>II</strong></span> <span class='ocrx_word' id='word_1_47' title='bbox 863 947 895 1008; x_wconf 92' lang='lat' dir='ltr'><strong>p.</strong></span> <span class='ocrx_word' id='word_1_48' title='bbox 921 925 1006 989; x_wconf 84' lang='lat'>1385</span> <span class='ocrx_word' id='word_1_49' title='bbox 1029 946 1048 987; x_wconf 89' lang='lat' dir='ltr'><strong>a</strong></span> <span class='ocrx_word' id='word_1_50' title='bbox 1074 925 1126 1005; x_wconf 88' lang='lat'><strong>10)</strong></span> <span class='ocrx_word' id='word_1_51' title='bbox 1160 923 1341 1003; x_wconf 77' lang='lat' dir='ltr'><strong>dubitare¹)</strong></span> <span class='ocrx_word' id='word_1_52' title='bbox 1378 948 1448 989; x_wconf 92' lang='lat' dir='ltr'><strong>non</strong></span> 
     </span>
     <span class='ocr_line' id='line_1_8' title="bbox 276 1027 1446 1115; baseline 0.004 -25"><span class='ocrx_word' id='word_1_53' title='bbox 276 1027 366 1109; x_wconf 84' lang='lat' dir='ltr'><strong>licet,</strong></span> <span class='ocrx_word' id='word_1_54' title='bbox 392 1027 541 1112; x_wconf 85' lang='lat' dir='ltr'><strong>proiecto</strong></span> <span class='ocrx_word' id='word_1_55' title='bbox 565 1051 634 1093; x_wconf 92' lang='lat' dir='ltr'><strong>non</strong></span> <span class='ocrx_word' id='word_1_56' title='bbox 659 1030 768 1093; x_wconf 92' lang='lat' dir='ltr'><strong>solum</strong></span> <span class='ocrx_word' id='word_1_57' title='bbox 792 1030 878 1094; x_wconf 91' lang='lat' dir='ltr'><strong>alius</strong></span> <span class='ocrx_word' id='word_1_58' title='bbox 902 1034 974 1094; x_wconf 88' lang='lat' dir='ltr'><strong>erat</strong></span> <span class='ocrx_word' id='word_1_59' title='bbox 996 1038 1096 1115; x_wconf 88' lang='lat' dir='ltr'><strong>atque</strong></span> <span class='ocrx_word' id='word_1_60' title='bbox 1111 1030 1342 1095; x_wconf 87' lang='lat' dir='ltr'><strong>Rhamnusius</strong></span> <span class='ocrx_word' id='word_1_61' title='bbox 1359 1054 1446 1095; x_wconf 88' lang='lat' dir='ltr'><strong>anno</strong></span> 
     </span>
     <span class='ocr_line' id='line_1_9' title="bbox 275 1129 1449 1222; baseline 0.004 -25"><span class='ocrx_word' id='word_1_62' title='bbox 275 1134 339 1197; x_wconf 88' lang='grc'><strong>411</strong></span> <span class='ocrx_word' id='word_1_63' title='bbox 366 1134 553 1218; x_wconf 87' lang='lat' dir='ltr'><strong>damnatus,</strong></span> <span class='ocrx_word' id='word_1_64' title='bbox 578 1136 638 1200; x_wconf 90' lang='lat' dir='ltr'><strong>sed</strong></span> <span class='ocrx_word' id='word_1_65' title='bbox 662 1136 764 1200; x_wconf 92' lang='lat' dir='ltr'><strong>etiam</strong></span> <span class='ocrx_word' id='word_1_66' title='bbox 788 1136 941 1200; x_wconf 87' lang='lat' dir='ltr'><strong>diversus</strong></span> <span class='ocrx_word' id='word_1_67' title='bbox 958 1129 984 1200; x_wconf 66' lang='lat' dir='ltr'><strong>va</strong></span> <span class='ocrx_word' id='word_1_68' title='bbox 1003 1136 1151 1201; x_wconf 80' lang='lat' dir='ltr'><strong>Socratis</strong></span> <span class='ocrx_word' id='word_1_69' title='bbox 1175 1138 1233 1222; x_wconf 91' lang='lat' dir='ltr'><strong>qui</strong></span> <span class='ocrx_word' id='word_1_70' title='bbox 1255 1138 1449 1222; x_wconf 82' lang='lat' dir='ltr'><strong>fingebatur</strong></span> 
     </span>
     <span class='ocr_line' id='line_1_10' title="bbox 276 1242 1449 1327; baseline 0.002 -23"><span class='ocrx_word' id='word_1_71' title='bbox 276 1242 418 1323; x_wconf 84' lang='lat' dir='ltr'><strong>aemule,</strong></span> <span class='ocrx_word' id='word_1_72' title='bbox 453 1242 725 1327; x_wconf 89' lang='lat' dir='ltr'><strong>quandoquidem</strong></span> <span class='ocrx_word' id='word_1_73' title='bbox 758 1264 828 1307; x_wconf 93' lang='lat' dir='ltr'><strong>non</strong></span> <span class='ocrx_word' id='word_1_74' title='bbox 861 1244 929 1306; x_wconf 91' lang='lat' dir='ltr'><strong>iam</strong></span> <span class='ocrx_word' id='word_1_75' title='bbox 953 1243 1157 1308; x_wconf 74' lang='lat' dir='ltr'><strong>interrivos</strong></span> <span class='ocrx_word' id='word_1_76' title='bbox 1185 1243 1288 1308; x_wconf 81' lang='lat' dir='ltr'><strong>fuisse</strong></span> <span class='ocrx_word' id='word_1_77' title='bbox 1312 1244 1449 1308; x_wconf 90' lang='lat' dir='ltr'><strong>videtur</strong></span> 
     </span>
     <span class='ocr_line' id='line_1_11' title="bbox 275 1348 1448 1437; baseline 0 -25"><span class='ocrx_word' id='word_1_78' title='bbox 275 1355 360 1431; x_wconf 86' lang='lat' dir='ltr'><strong>tum,</strong></span> <span class='ocrx_word' id='word_1_79' title='bbox 384 1370 462 1412; x_wconf 90' lang='lat' dir='ltr'><strong>cum</strong></span> <span class='ocrx_word' id='word_1_80' title='bbox 485 1348 709 1413; x_wconf 75' lang='lat' dir='ltr'><strong>Antisthenes</strong></span> <span class='ocrx_word' id='word_1_81' title='bbox 728 1349 904 1434; x_wconf 81' lang='lat' dir='ltr'><strong>dialogum</strong></span> <span class='ocrx_word' id='word_1_82' title='bbox 933 1349 1078 1433; x_wconf 68' lang='lat' dir='ltr'><strong>edidit.2)</strong></span> <span class='ocrx_word' id='word_1_83' title='bbox 1124 1350 1243 1437; x_wconf 83' lang='lat' dir='ltr'><strong>Itaque</strong></span> <span class='ocrx_word' id='word_1_84' title='bbox 1273 1351 1324 1413; x_wconf 92' lang='lat' dir='ltr'><strong>nil</strong></span> <span class='ocrx_word' id='word_1_85' title='bbox 1347 1351 1448 1415; x_wconf 91' lang='lat' dir='ltr'><strong>relin-</strong></span> 
     </span>
     <span class='ocr_line' id='line_1_12' title="bbox 276 1455 1447 1540; baseline 0.004 -23"><span class='ocrx_word' id='word_1_86' title='bbox 276 1455 390 1539; x_wconf 88' lang='lat' dir='ltr'><strong>quitur</strong></span> <span class='ocrx_word' id='word_1_87' title='bbox 419 1455 456 1518; x_wconf 90' lang='lat' dir='ltr'><strong>in</strong></span> <span class='ocrx_word' id='word_1_88' title='bbox 486 1455 645 1540; x_wconf 91' lang='lat' dir='ltr'><strong>ambiguo</strong></span> <span class='ocrx_word' id='word_1_89' title='bbox 669 1456 738 1519; x_wconf 93' lang='lat' dir='ltr'><strong>nisi</strong></span> <span class='ocrx_word' id='word_1_90' title='bbox 761 1456 936 1520; x_wconf 90' lang='lat' dir='ltr'><strong>distinctio</strong></span> <span class='ocrx_word' id='word_1_91' title='bbox 964 1456 1023 1519; x_wconf 91' lang='lat' dir='ltr'><strong>illa</strong></span> <span class='ocrx_word' id='word_1_92' title='bbox 1045 1455 1253 1521; x_wconf 81' lang='lat' dir='ltr'><strong>Rhamnusii</strong></span> <span class='ocrx_word' id='word_1_93' title='bbox 1275 1480 1295 1521; x_wconf 92' lang='lat' dir='ltr'><strong>a</strong></span> <span class='ocrx_word' id='word_1_94' title='bbox 1318 1458 1447 1527; x_wconf 87' lang='lat' dir='ltr'><strong>coniec-</strong></span> 
     </span>
     <span class='ocr_line' id='line_1_13' title="bbox 276 1562 1448 1647; baseline 0.003 -23"><span class='ocrx_word' id='word_1_95' title='bbox 276 1569 349 1625; x_wconf 91' lang='lat' dir='ltr'><strong>tore</strong></span> <span class='ocrx_word' id='word_1_96' title='bbox 382 1583 440 1625; x_wconf 90' lang='lat' dir='ltr'><strong>seu</strong></span> <span class='ocrx_word' id='word_1_97' title='bbox 472 1562 687 1647; x_wconf 83' lang='lat' dir='ltr'><strong>philosopho,</strong></span> <span class='ocrx_word' id='word_1_98' title='bbox 734 1562 927 1627; x_wconf 85' lang='lat' dir='ltr'><strong>Retinenda</strong></span> <span class='ocrx_word' id='word_1_99' title='bbox 958 1563 1066 1647; x_wconf 91' lang='lat' dir='ltr'><strong>igitur</strong></span> <span class='ocrx_word' id='word_1_100' title='bbox 1091 1562 1305 1645; x_wconf 71' lang='lat' dir='ltr'><strong>Aristotelea,</strong></span> <span class='ocrx_word' id='word_1_101' title='bbox 1340 1565 1448 1629; x_wconf 88' lang='lat' dir='ltr'><strong>donec</strong></span> 
     </span>
    </p>
   </div>
   <div class='ocr_carea' id='block_1_5' title="bbox 167 1667 895 1754">
    <p class='ocr_par' dir='ltr' id='par_1_5' title="bbox 167 1667 895 1754">
     <span class='ocr_line' id='line_1_14' title="bbox 167 1667 895 1754; baseline -0.001 -22"><span class='ocrx_word' id='word_1_102' title='bbox 167 1694 170 1699; x_wconf 94' lang='lat'>·</span> <span class='ocrx_word' id='word_1_103' title='bbox 276 1667 342 1732; x_wconf 88' lang='lat' dir='ltr'><strong>alia</strong></span> <span class='ocrx_word' id='word_1_104' title='bbox 360 1669 503 1734; x_wconf 87' lang='lat' dir='ltr'><strong>suadent</strong></span> <span class='ocrx_word' id='word_1_105' title='bbox 524 1677 629 1734; x_wconf 88' lang='lat' dir='ltr'><strong>testes</strong></span> <span class='ocrx_word' id='word_1_106' title='bbox 648 1669 895 1754; x_wconf 81' lang='lat' dir='ltr'><strong>locupletiores.</strong></span> 
     </span>
    </p>
   </div>
   <div class='ocr_carea' id='block_1_6' title="bbox 60 2464 248 2520">
    <p class='ocr_par' dir='ltr' id='par_1_6' title="bbox 60 2464 248 2520">
     <span class='ocr_line' id='line_1_15' title="bbox 60 2464 248 2520; baseline 0.005 -1"><span class='ocrx_word' id='word_1_107' title='bbox 60 2464 248 2520; x_wconf 82' lang='lat' dir='ltr'><strong>Philodemus</strong></span> 
     </span>
    </p>
   </div>
   <div class='ocr_carea' id='block_1_7' title="bbox 276 1793 1448 2413">
    <p class='ocr_par' dir='ltr' id='par_1_7' title="bbox 276 1793 1448 2413">
     <span class='ocr_line' id='line_1_16' title="bbox 365 1793 1446 1879; baseline 0.004 -23"><span class='ocrx_word' id='word_1_108' title='bbox 365 1793 462 1859; x_wconf 90' lang='lat' dir='ltr'><strong>Plato</strong></span> <span class='ocrx_word' id='word_1_109' title='bbox 486 1801 598 1858; x_wconf 88' lang='lat' dir='ltr'><strong>autem</strong></span> <span class='ocrx_word' id='word_1_110' title='bbox 622 1794 856 1879; x_wconf 82' lang='lat' dir='ltr'><strong>philosophus,</strong></span> <span class='ocrx_word' id='word_1_111' title='bbox 886 1816 985 1878; x_wconf 89' lang='lat' dir='ltr'><strong>quem</strong></span> <span class='ocrx_word' id='word_1_112' title='bbox 1010 1794 1195 1879; x_wconf 90' lang='lat' dir='ltr'><strong>adiungere</strong></span> <span class='ocrx_word' id='word_1_113' title='bbox 1227 1795 1336 1876; x_wconf 85' lang='lat' dir='ltr'><strong>liceat,</strong></span> <span class='ocrx_word' id='word_1_114' title='bbox 1370 1819 1446 1860; x_wconf 89' lang='lat' dir='ltr'><strong>cum</strong></span> 
     </span>
     <span class='ocr_line' id='line_1_17' title="bbox 276 1899 1447 1986; baseline 0.003 -23"><span class='ocrx_word' id='word_1_115' title='bbox 276 1899 525 1964; x_wconf 87' lang='lat' dir='ltr'><strong>Rhamnusium</strong></span> <span class='ocrx_word' id='word_1_116' title='bbox 549 1902 655 1964; x_wconf 89' lang='lat' dir='ltr'><strong>semel</strong></span> <span class='ocrx_word' id='word_1_117' title='bbox 676 1903 773 1965; x_wconf 90' lang='lat' dir='ltr'><strong>velut</strong></span> <span class='ocrx_word' id='word_1_118' title='bbox 795 1901 876 1965; x_wconf 89' lang='lat' dir='ltr'><strong>artis</strong></span> <span class='ocrx_word' id='word_1_119' title='bbox 906 1900 1069 1966; x_wconf 86' lang='lat' dir='ltr'><strong>oratoriae</strong></span> <span class='ocrx_word' id='word_1_120' title='bbox 1102 1902 1346 1986; x_wconf 87' lang='lat' dir='ltr'><strong>peritissimum</strong></span> <span class='ocrx_word' id='word_1_121' title='bbox 1379 1904 1447 1966; x_wconf 87' lang='lat' dir='ltr'><strong>lau-</strong></span> 
     </span>
     <span class='ocr_line' id='line_1_18' title="bbox 277 2007 1448 2094; baseline 0.002 -25"><span class='ocrx_word' id='word_1_122' title='bbox 277 2007 371 2072; x_wconf 89' lang='lat' dir='ltr'><strong>daret</strong></span> <span class='ocrx_word' id='word_1_123' title='bbox 394 2007 535 2088; x_wconf 86' lang='lat' dir='ltr'><strong>(Menex.</strong></span> <span class='ocrx_word' id='word_1_124' title='bbox 552 2008 667 2092; x_wconf 76' lang='lat' dir='ltr'><strong>sesa),</strong></span> <span class='ocrx_word' id='word_1_125' title='bbox 693 2008 863 2094; x_wconf 89' lang='lat' dir='ltr'><strong>sophistae</strong></span> <span class='ocrx_word' id='word_1_126' title='bbox 881 2009 938 2072; x_wconf 88' lang='lat' dir='ltr'><strong>vel</strong></span> <span class='ocrx_word' id='word_1_127' title='bbox 961 2007 1162 2072; x_wconf 86' lang='lat' dir='ltr'><strong>coniectoris</strong></span> <span class='ocrx_word' id='word_1_128' title='bbox 1176 2009 1233 2072; x_wconf 86' lang='lat' dir='ltr'><strong>vel</strong></span> <span class='ocrx_word' id='word_1_129' title='bbox 1249 2008 1448 2092; x_wconf 88' lang='lat' dir='ltr'><strong>philosophi</strong></span> 
     </span>
     <span class='ocr_line' id='line_1_19' title="bbox 276 2113 1445 2199; baseline 0.003 -23"><span class='ocrx_word' id='word_1_130' title='bbox 276 2113 426 2177; x_wconf 91' lang='lat' dir='ltr'><strong>nominis</strong></span> <span class='ocrx_word' id='word_1_131' title='bbox 450 2114 661 2180; x_wconf 90' lang='lat' dir='ltr'><strong>mentionem</strong></span> <span class='ocrx_word' id='word_1_132' title='bbox 677 2136 844 2199; x_wconf 89' lang='lat' dir='ltr'><strong>nusquam</strong></span> <span class='ocrx_word' id='word_1_133' title='bbox 869 2113 988 2196; x_wconf 70' lang='lat' dir='ltr'><strong>fecit33)</strong></span> <span class='ocrx_word' id='word_1_134' title='bbox 1021 2114 1183 2178; x_wconf 90' lang='lat' dir='ltr'><strong>nimirum</strong></span> <span class='ocrx_word' id='word_1_135' title='bbox 1202 2136 1272 2178; x_wconf 92' lang='lat' dir='ltr'><strong>non</strong></span> <span class='ocrx_word' id='word_1_136' title='bbox 1291 2115 1445 2190; x_wconf 83' lang='lat' dir='ltr'><strong>habebat,</strong></span> 
     </span>
     <span class='ocr_line' id='line_1_20' title="bbox 277 2220 1447 2306; baseline 0.001 -23"><span class='ocrx_word' id='word_1_137' title='bbox 277 2241 336 2284; x_wconf 90' lang='lat' dir='ltr'><strong>cur</strong></span> <span class='ocrx_word' id='word_1_138' title='bbox 369 2220 544 2285; x_wconf 90' lang='lat' dir='ltr'><strong>hominem</strong></span> <span class='ocrx_word' id='word_1_139' title='bbox 579 2221 647 2285; x_wconf 92' lang='lat' dir='ltr'><strong>iam</strong></span> <span class='ocrx_word' id='word_1_140' title='bbox 682 2221 814 2306; x_wconf 88' lang='lat' dir='ltr'><strong>pridem</strong></span> <span class='ocrx_word' id='word_1_141' title='bbox 849 2229 1020 2285; x_wconf 88' lang='lat' dir='ltr'><strong>mortuum</strong></span> <span class='ocrx_word' id='word_1_142' title='bbox 1052 2222 1108 2284; x_wconf 80' lang='lat' dir='ltr'><strong>vel</strong></span> <span class='ocrx_word' id='word_1_143' title='bbox 1141 2221 1359 2305; x_wconf 88' lang='lat' dir='ltr'><strong>impugnaret</strong></span> <span class='ocrx_word' id='word_1_144' title='bbox 1390 2224 1447 2285; x_wconf 79' lang='lat' dir='ltr'><strong>vel</strong></span> 
     </span>
     <span class='ocr_line' id='line_1_21' title="bbox 276 2325 740 2413; baseline 0.004 -24"><span class='ocrx_word' id='word_1_145' title='bbox 276 2325 471 2393; x_wconf 80' lang='lat' dir='ltr'><strong>defenderet</strong></span> <span class='ocrx_word' id='word_1_146' title='bbox 493 2328 740 2413; x_wconf 90' lang='lat' dir='ltr'><strong>impugnatum.</strong></span> 
     </span>
    </p>
   </div>
   <div class='ocr_carea' id='block_1_8' title="bbox 276 2468 1447 2769">
    <p class='ocr_par' dir='ltr' id='par_1_8' title="bbox 276 2468 1447 2769">
     <span class='ocr_line' id='line_1_22' title="bbox 366 2468 1447 2554; baseline 0 -20"><span class='ocrx_word' id='word_1_147' title='bbox 366 2468 583 2535; x_wconf 82' lang='lat' dir='ltr'><strong>Conhrsionis</strong></span> <span class='ocrx_word' id='word_1_148' title='bbox 614 2479 726 2535; x_wconf 90' lang='lat' dir='ltr'><strong>autem</strong></span> <span class='ocrx_word' id='word_1_149' title='bbox 755 2470 926 2554; x_wconf 86' lang='lat' dir='ltr'><strong>sophistae</strong></span> <span class='ocrx_word' id='word_1_150' title='bbox 954 2468 1047 2533; x_wconf 89' lang='lat' dir='ltr'><strong>illius</strong></span> <span class='ocrx_word' id='word_1_151' title='bbox 1078 2491 1154 2533; x_wconf 91' lang='lat' dir='ltr'><strong>cum</strong></span> <span class='ocrx_word' id='word_1_152' title='bbox 1187 2477 1327 2553; x_wconf 74' lang='lat' dir='ltr'><strong>oratore,</strong></span> <span class='ocrx_word' id='word_1_153' title='bbox 1362 2493 1447 2554; x_wconf 89' lang='lat' dir='ltr'><strong>quae</strong></span> 
     </span>
     <span class='ocr_line' id='line_1_23' title="bbox 276 2575 1446 2663; baseline -0.001 -22"><span class='ocrx_word' id='word_1_154' title='bbox 276 2576 520 2660; x_wconf 88' lang='lat' dir='ltr'><strong>posterioribus</strong></span> <span class='ocrx_word' id='word_1_155' title='bbox 538 2577 750 2663; x_wconf 86' lang='lat' dir='ltr'><strong>temporibus</strong></span> <span class='ocrx_word' id='word_1_156' title='bbox 764 2576 899 2641; x_wconf 89' lang='lat' dir='ltr'><strong>valebat</strong></span> <span class='ocrx_word' id='word_1_157' title='bbox 922 2576 1012 2662; x_wconf 91' lang='lat' dir='ltr'><strong>apud</strong></span> <span class='ocrx_word' id='word_1_158' title='bbox 1028 2587 1169 2658; x_wconf 77' lang='lat' dir='ltr'><strong>veterae,</strong></span> <span class='ocrx_word' id='word_1_159' title='bbox 1194 2575 1293 2640; x_wconf 91' lang='lat' dir='ltr'><strong>nobis</strong></span> <span class='ocrx_word' id='word_1_160' title='bbox 1310 2578 1446 2660; x_wconf 85' lang='lat' dir='ltr'><strong>quidem</strong></span> 
     </span>
     <span class='ocr_line' id='line_1_24' title="bbox 277 2683 1328 2769; baseline 0 -23"><span class='ocrx_word' id='word_1_161' title='bbox 277 2683 407 2769; x_wconf 90' lang='lat' dir='ltr'><strong>primus</strong></span> <span class='ocrx_word' id='word_1_162' title='bbox 431 2685 528 2749; x_wconf 90' lang='lat' dir='ltr'><strong>testis</strong></span> <span class='ocrx_word' id='word_1_163' title='bbox 551 2695 603 2749; x_wconf 91' lang='lat' dir='ltr'><strong>est</strong></span> <span class='ocrx_word' id='word_1_164' title='bbox 625 2684 847 2748; x_wconf 90' lang='lat' dir='ltr'><strong>Philodemus</strong></span> <span class='ocrx_word' id='word_1_165' title='bbox 870 2684 1057 2768; x_wconf 87' lang='lat' dir='ltr'><strong>Epicureus</strong></span> <span class='ocrx_word' id='word_1_166' title='bbox 1081 2683 1122 2766; x_wconf 88' lang='lat' dir='ltr'><strong>(B</strong></span> <span class='ocrx_word' id='word_1_167' title='bbox 1145 2685 1188 2748; x_wconf 85' lang='lat'><strong>93</strong></span> <span class='ocrx_word' id='word_1_168' title='bbox 1212 2683 1292 2748; x_wconf 90' lang='lat' dir='ltr'><strong>Diel</strong></span> <span class='ocrx_word' id='word_1_169' title='bbox 1312 2690 1328 2752; x_wconf 83' lang='lat' dir='ltr'><strong>l.</strong></span> 
     </span>
    </p>
   </div>
   <div class='ocr_carea' id='block_1_9' title="bbox 275 2826 1447 3764">
    <p class='ocr_par' dir='ltr' id='par_1_9' title="bbox 275 2826 1447 3764">
     <span class='ocr_line' id='line_1_25' title="bbox 361 2826 1446 2912; baseline -0.001 -22"><span class='ocrx_word' id='word_1_170' title='bbox 361 2826 1446 2912; x_wconf 65' lang='lat' dir='ltr'><strong>ContraDidymus,quiunuseratHermogenisauctondiversos</strong></span> 
     </span>
     <span class='ocr_line' id='line_1_26' title="bbox 277 2933 1446 3019; baseline 0 -23"><span class='ocrx_word' id='word_1_171' title='bbox 277 2933 435 2998; x_wconf 84' lang='lat' dir='ltr'><strong>distinxit</strong></span> <span class='ocrx_word' id='word_1_172' title='bbox 453 2933 687 3019; x_wconf 86' lang='lat' dir='ltr'><strong>Antiphontes</strong></span> <span class='ocrx_word' id='word_1_173' title='bbox 705 2936 748 3016; x_wconf 82' lang='lat' dir='ltr'><strong>(A</strong></span> <span class='ocrx_word' id='word_1_174' title='bbox 767 2936 814 3014; x_wconf 71' lang='lat'><strong>2).</strong></span> <span class='ocrx_word' id='word_1_175' title='bbox 854 2933 921 2998; x_wconf 84' lang='lat' dir='ltr'><strong>Sed</strong></span> <span class='ocrx_word' id='word_1_176' title='bbox 940 2934 1078 2996; x_wconf 91' lang='lat' dir='ltr'><strong>omnino</strong></span> <span class='ocrx_word' id='word_1_177' title='bbox 1100 2933 1237 3015; x_wconf 89' lang='lat' dir='ltr'><strong>quidem</strong></span> <span class='ocrx_word' id='word_1_178' title='bbox 1256 2933 1446 3017; x_wconf 79' lang='lat' dir='ltr'><strong>complures</strong></span> 
     </span>
     <span class='ocr_line' id='line_1_27' title="bbox 276 3039 1447 3125; baseline -0.001 -21"><span class='ocrx_word' id='word_1_179' title='bbox 276 3040 445 3104; x_wconf 84' lang='lat' dir='ltr'><strong>exstitisse</strong></span> <span class='ocrx_word' id='word_1_180' title='bbox 465 3040 698 3125; x_wconf 87' lang='lat' dir='ltr'><strong>Antiphontes</strong></span> <span class='ocrx_word' id='word_1_181' title='bbox 731 3040 839 3105; x_wconf 88' lang='lat' dir='ltr'><strong>cuivis</strong></span> <span class='ocrx_word' id='word_1_182' title='bbox 864 3039 996 3105; x_wconf 81' lang='lat' dir='ltr'><strong>efficere</strong></span> <span class='ocrx_word' id='word_1_183' title='bbox 1027 3039 1133 3116; x_wconf 81' lang='lat' dir='ltr'><strong>licuit,</strong></span> <span class='ocrx_word' id='word_1_184' title='bbox 1168 3061 1243 3102; x_wconf 91' lang='lat' dir='ltr'><strong>cum</strong></span> <span class='ocrx_word' id='word_1_185' title='bbox 1274 3048 1447 3103; x_wconf 87' lang='lat' dir='ltr'><strong>exstarent</strong></span> 
     </span>
     <span class='ocr_line' id='line_1_28' title="bbox 276 3139 1446 3234; baseline -0.004 -23"><span class='ocrx_word' id='word_1_186' title='bbox 276 3146 377 3211; x_wconf 91' lang='lat' dir='ltr'><strong>huius</strong></span> <span class='ocrx_word' id='word_1_187' title='bbox 400 3147 450 3211; x_wconf 92' lang='lat' dir='ltr'><strong>rei</strong></span> <span class='ocrx_word' id='word_1_188' title='bbox 473 3148 670 3214; x_wconf 85' lang='lat' dir='ltr'><strong>testimonia</strong></span> <span class='ocrx_word' id='word_1_189' title='bbox 693 3139 765 3213; x_wconf 74' lang='lat' dir='ltr'><strong>(ind</strong></span> <span class='ocrx_word' id='word_1_190' title='bbox 789 3146 940 3234; x_wconf 70' lang='grc' dir='ltr'><strong><em>ἱστορίας.</em></strong></span> <span class='ocrx_word' id='word_1_191' title='bbox 986 3146 1081 3210; x_wconf 92' lang='lat' dir='ltr'><strong>Duos</strong></span> <span class='ocrx_word' id='word_1_192' title='bbox 1100 3153 1213 3209; x_wconf 90' lang='lat' dir='ltr'><strong>autem</strong></span> <span class='ocrx_word' id='word_1_193' title='bbox 1235 3144 1446 3228; x_wconf 87' lang='lat' dir='ltr'><strong>distinguen-</strong></span> 
     </span>
     <span class='ocr_line' id='line_1_29' title="bbox 279 3251 1447 3338; baseline -0.003 -21"><span class='ocrx_word' id='word_1_194' title='bbox 279 3254 339 3318; x_wconf 92' lang='lat' dir='ltr'><strong>dos</strong></span> <span class='ocrx_word' id='word_1_195' title='bbox 363 3276 436 3318; x_wconf 90' lang='lat' dir='ltr'><strong>esse</strong></span> <span class='ocrx_word' id='word_1_196' title='bbox 459 3255 626 3319; x_wconf 87' lang='lat' dir='ltr'><strong>litteratos</strong></span> <span class='ocrx_word' id='word_1_197' title='bbox 649 3253 765 3318; x_wconf 91' lang='lat' dir='ltr'><strong>critico</strong></span> <span class='ocrx_word' id='word_1_198' title='bbox 783 3253 1045 3338; x_wconf 88' lang='lat' dir='ltr'><strong>cognominibus</strong></span> <span class='ocrx_word' id='word_1_199' title='bbox 1068 3251 1152 3316; x_wconf 80' lang='lat' dir='ltr'><strong>freto</strong></span> <span class='ocrx_word' id='word_1_200' title='bbox 1177 3273 1247 3315; x_wconf 92' lang='lat' dir='ltr'><strong>non</strong></span> <span class='ocrx_word' id='word_1_201' title='bbox 1263 3259 1447 3334; x_wconf 90' lang='lat' dir='ltr'><strong>potuerunt</strong></span> 
     </span>
     <span class='ocr_line' id='line_1_30' title="bbox 276 3357 1447 3449; baseline -0.003 -25"><span class='ocrx_word' id='word_1_202' title='bbox 276 3384 345 3426; x_wconf 92' lang='lat' dir='ltr'><strong>non</strong></span> <span class='ocrx_word' id='word_1_203' title='bbox 359 3361 501 3445; x_wconf 91' lang='lat' dir='ltr'><strong>probare</strong></span> <span class='ocrx_word' id='word_1_204' title='bbox 519 3361 645 3445; x_wconf 88' lang='lat' dir='ltr'><strong>dialogi</strong></span> <span class='ocrx_word' id='word_1_205' title='bbox 663 3361 738 3445; x_wconf 80' lang='grc' dir='ltr'><em>περὶ</em></span> <span class='ocrx_word' id='word_1_206' title='bbox 752 3359 914 3449; x_wconf 75' lang='grc' dir='ltr'><em>ποιητῶν</em></span> <span class='ocrx_word' id='word_1_207' title='bbox 930 3358 1140 3424; x_wconf 89' lang='lat' dir='ltr'><strong>Aristotelici</strong></span> <span class='ocrx_word' id='word_1_208' title='bbox 1159 3357 1447 3421; x_wconf 89' lang='lat' dir='ltr'><strong>Memorabilium-</strong></span> 
     </span>
     <span class='ocr_line' id='line_1_31' title="bbox 277 3464 1446 3552; baseline -0.003 -21"><span class='ocrx_word' id='word_1_209' title='bbox 277 3490 341 3552; x_wconf 88' lang='lat' dir='ltr'><strong>que</strong></span> <span class='ocrx_word' id='word_1_210' title='bbox 364 3468 696 3552; x_wconf 89' lang='lat' dir='ltr'><strong>Xenophonteorum</strong></span> <span class='ocrx_word' id='word_1_211' title='bbox 728 3467 806 3543; x_wconf 80' lang='lat' dir='ltr'><strong>loci,</strong></span> <span class='ocrx_word' id='word_1_212' title='bbox 840 3467 1008 3532; x_wconf 89' lang='lat' dir='ltr'><strong>orationes</strong></span> <span class='ocrx_word' id='word_1_213' title='bbox 1040 3464 1150 3528; x_wconf 90' lang='lat' dir='ltr'><strong>adhuc</strong></span> <span class='ocrx_word' id='word_1_214' title='bbox 1182 3473 1344 3546; x_wconf 79' lang='lat' dir='ltr'><strong>servatae,</strong></span> <span class='ocrx_word' id='word_1_215' title='bbox 1378 3488 1446 3528; x_wconf 91' lang='lat' dir='ltr'><strong>me-</strong></span> 
     </span>
     <span class='ocr_line' id='line_1_32' title="bbox 275 3571 1447 3659; baseline -0.004 -21"><span class='ocrx_word' id='word_1_216' title='bbox 275 3575 382 3638; x_wconf 91' lang='lat' dir='ltr'><strong>moria</strong></span> <span class='ocrx_word' id='word_1_217' title='bbox 405 3574 447 3638; x_wconf 95' lang='lat' dir='ltr'><strong>de</strong></span> <span class='ocrx_word' id='word_1_218' title='bbox 470 3575 656 3657; x_wconf 87' lang='lat' dir='ltr'><strong>interprete</strong></span> <span class='ocrx_word' id='word_1_219' title='bbox 689 3573 741 3655; x_wconf 85' lang='lat' dir='ltr'><strong>(ci.</strong></span> <span class='ocrx_word' id='word_1_220' title='bbox 765 3572 950 3659; x_wconf 82' lang='lat' dir='ltr'><strong>Chrysippi</strong></span> <span class='ocrx_word' id='word_1_221' title='bbox 977 3579 1011 3636; x_wconf 91' lang='lat' dir='ltr'><strong>et</strong></span> <span class='ocrx_word' id='word_1_222' title='bbox 1042 3571 1218 3655; x_wconf 88' lang='lat' dir='ltr'><strong>Antipatri</strong></span> <span class='ocrx_word' id='word_1_223' title='bbox 1250 3572 1447 3636; x_wconf 88' lang='lat' dir='ltr'><strong>testimonia</strong></span> 
     </span>
     <span class='ocr_line' id='line_1_33' title="bbox 275 3678 1446 3764; baseline -0.003 -20"><span class='ocrx_word' id='word_1_224' title='bbox 275 3682 305 3744; x_wconf 91' lang='lat' dir='ltr'><strong>B</strong></span> <span class='ocrx_word' id='word_1_225' title='bbox 327 3683 391 3760; x_wconf 74' lang='lat'>80).</span> <span class='ocrx_word' id='word_1_226' title='bbox 422 3681 625 3746; x_wconf 80' lang='lat' dir='ltr'><strong>Coniectura</strong></span> <span class='ocrx_word' id='word_1_227' title='bbox 641 3680 748 3764; x_wconf 87' lang='lat' dir='ltr'><strong>igitur</strong></span> <span class='ocrx_word' id='word_1_228' title='bbox 766 3688 917 3745; x_wconf 90' lang='lat' dir='ltr'><strong>auctores</strong></span> <span class='ocrx_word' id='word_1_229' title='bbox 937 3678 1095 3744; x_wconf 86' lang='lat' dir='ltr'><strong>distinxit</strong></span> <span class='ocrx_word' id='word_1_230' title='bbox 1110 3678 1292 3764; x_wconf 85' lang='lat' dir='ltr'><strong>Didymus;</strong></span> <span class='ocrx_word' id='word_1_231' title='bbox 1322 3679 1446 3761; x_wconf 91' lang='lat' dir='ltr'><strong>scripta</strong></span> 
     </span>
    </p>
   </div>
   <div class='ocr_carea' id='block_1_10' title="bbox 368 3858 658 3946">
    <p class='ocr_par' dir='ltr' id='par_1_10' title="bbox 368 3858 658 3946">
     <span class='ocr_line' id='line_1_34' title="bbox 368 3858 658 3946; baseline -0.007 -16"><span class='ocrx_word' id='word_1_232' title='bbox 368 3878 386 3946; x_wconf 82' lang='lat'><strong>¹)</strong></span> <span class='ocrx_word' id='word_1_233' title='bbox 405 3878 468 3930; x_wconf 76' lang='lat' dir='ltr'><strong>uon</strong></span> <span class='ocrx_word' id='word_1_234' title='bbox 486 3876 510 3929; x_wconf 92' lang='lat'><strong>11</strong></span> <span class='ocrx_word' id='word_1_235' title='bbox 529 3877 590 3930; x_wconf 74' lang='lat' dir='ltr'><strong>ele.</strong></span> <span class='ocrx_word' id='word_1_236' title='bbox 656 3858 658 3862; x_wconf 83' lang='grc'><strong>’</strong></span> 
     </span>
    </p>
   </div>
   <div class='ocr_carea' id='block_1_11' title="bbox 275 3980 1447 4149">
    <p class='ocr_par' dir='ltr' id='par_1_11' title="bbox 275 3980 1447 4149">
     <span class='ocr_line' id='line_1_35' title="bbox 365 3980 1447 4053; baseline -0.006 -16"><span class='ocrx_word' id='word_1_237' title='bbox 365 3984 384 4053; x_wconf 80' lang='lat'><strong>²)</strong></span> <span class='ocrx_word' id='word_1_238' title='bbox 414 3984 567 4053; x_wconf 86' lang='lat' dir='ltr'><strong>Perperam</strong></span> <span class='ocrx_word' id='word_1_239' title='bbox 595 3983 682 4051; x_wconf 86' lang='lat' dir='ltr'><strong>igitur</strong></span> <span class='ocrx_word' id='word_1_240' title='bbox 708 3983 914 4044; x_wconf 85' lang='lat' dir='ltr'><strong>iudicaverunt,</strong></span> <span class='ocrx_word' id='word_1_241' title='bbox 943 3984 975 4034; x_wconf 87' lang='lat' dir='ltr'><strong>ut</strong></span> <span class='ocrx_word' id='word_1_242' title='bbox 1003 3985 1116 4034; x_wconf 85' lang='lat' dir='ltr'><strong>taceam</strong></span> <span class='ocrx_word' id='word_1_243' title='bbox 1146 3982 1182 4033; x_wconf 88' lang='lat' dir='ltr'><strong>de</strong></span> <span class='ocrx_word' id='word_1_244' title='bbox 1209 3980 1309 4047; x_wconf 77' lang='lat' dir='ltr'><strong>loelio,</strong></span> <span class='ocrx_word' id='word_1_245' title='bbox 1338 3980 1447 4048; x_wconf 77' lang='lat' dir='ltr'><strong>Kayser</strong></span> 
     </span>
     <span class='ocr_line' id='line_1_36' title="bbox 275 4069 1267 4149; baseline -0.005 -23"><span class='ocrx_word' id='word_1_246' title='bbox 275 4073 408 4127; x_wconf 88' lang='lat' dir='ltr'><strong>Philostr.</strong></span> <span class='ocrx_word' id='word_1_247' title='bbox 427 4073 478 4126; x_wconf 89' lang='lat' dir='ltr'><strong>vit.</strong></span> <span class='ocrx_word' id='word_1_248' title='bbox 490 4072 578 4149; x_wconf 71' lang='lat' dir='ltr'><strong>soph.</strong></span> <span class='ocrx_word' id='word_1_249' title='bbox 598 4090 624 4141; x_wconf 91' lang='lat' dir='ltr'><strong>p.</strong></span> <span class='ocrx_word' id='word_1_250' title='bbox 644 4073 704 4136; x_wconf 82' lang='lat'>215,</span> <span class='ocrx_word' id='word_1_251' title='bbox 725 4070 866 4125; x_wconf 88' lang='lat' dir='ltr'><strong>Susemihl</strong></span> <span class='ocrx_word' id='word_1_252' title='bbox 885 4071 962 4123; x_wconf 82' lang='lat' dir='ltr'><strong>Alex.</strong></span> <span class='ocrx_word' id='word_1_253' title='bbox 982 4069 1038 4122; x_wconf 86' lang='lat' dir='ltr'><strong>Lit.</strong></span> <span class='ocrx_word' id='word_1_254' title='bbox 1058 4069 1159 4123; x_wconf 86' lang='lat' dir='ltr'><strong>Gesch.</strong></span> <span class='ocrx_word' id='word_1_255' title='bbox 1179 4069 1267 4121; x_wconf 81' lang='lat'>1868.</span> 
     </span>
    </p>
   </div>
   <div class='ocr_carea' id='block_1_12' title="bbox 366 4180 841 4250">
    <p class='ocr_par' dir='ltr' id='par_1_12' title="bbox 366 4180 841 4250">
     <span class='ocr_line' id='line_1_37' title="bbox 366 4180 841 4250; baseline -0.008 -17"><span class='ocrx_word' id='word_1_256' title='bbox 366 4181 384 4248; x_wconf 74' lang='lat'><strong>⁸)</strong></span> <span class='ocrx_word' id='word_1_257' title='bbox 406 4180 441 4233; x_wconf 88' lang='lat' dir='ltr'><strong>cf.</strong></span> <span class='ocrx_word' id='word_1_258' title='bbox 462 4180 582 4250; x_wconf 86' lang='lat' dir='ltr'><strong>Sauppii</strong></span> <span class='ocrx_word' id='word_1_259' title='bbox 603 4184 752 4234; x_wconf 88' lang='lat' dir='ltr'><strong>comment.</strong></span> <span class='ocrx_word' id='word_1_260' title='bbox 772 4197 798 4248; x_wconf 92' lang='lat' dir='ltr'><strong>p.</strong></span> <span class='ocrx_word' id='word_1_261' title='bbox 817 4180 841 4229; x_wconf 92' lang='lat'><strong>1.</strong></span> 
     </span>
    </p>
   </div>
   <div class='ocr_carea' id='block_1_13' title="bbox 0 0 1520 4672">
    <p class='ocr_par' dir='ltr' id='par_1_13' title="bbox 0 0 1520 4672">
     <span class='ocr_line' id='line_1_38' title="bbox 0 0 1520 4672; baseline 0 0"><span class='ocrx_word' id='word_1_262' title='bbox 0 0 1520 4672; x_wconf 95' lang='lat' dir='ltr'><strong> </strong></span> 
     </span>
    </p>
   </div>
  </div>
 </body>
</html>
