3030 4672
727 258 949 323 „70-

252 458 317 531 (vv.
341 451 468 537 627s8):
819 459 922 530 κεῖνος
946 443 1152 535 ὀλβιώτατος,

466 550 530 644 δτῳ
553 562 623 623 ’κατ’
649 550 734 648 ἦμαρ
756 552 900 645 τυγχάνει
924 559 1027 648 μηδὲν
1050 552 1150 624 arcade
1169 597 1211 604 -

253 686 294 726 ex
316 663 543 748 Antiphontis
566 665 679 729 animo
704 665 830 729 dictum
857 674 917 746 est,

252 776 317 846 (vv.
334 770 399 834 592
415 775 510 854 sqq.):
730 761 843 837 οἷ’·κοιιΙ
866 767 977 852 δεινόν,
1003 769 1032 837 εἰ
1056 777 1095 861 ,ip
1118 771 1179 856 μὲν
1202 767 1286 854 κακδΙ

464 883 604 961 τιχοῦσιι
628 883 739 963 καιροῦ
765 873 886 944 desider
909 870 942 945 εδ
967 873 1084 962 στάχυν
1107 879 1205 965 φέρει,

463 981 583 1074 χρηστὴ
608 987 635 1049 δ’
660 977 835 1070 δμαρτοιῖδ
861 973 905 1050 (δι’
923 982 1023 1071 χρειδν
1047 976 1148 1074 αδτὴν
1172 990 1275 1068 τυχεῖν

464 1088 564 1157 κακὸν
588 1090 704 1157 δίδωσι
728 1087 872 1177 uuanda,-
896 1082 1074 1177 δνδριοιτοι
1099 1094 1125 1155 δ’
1150 1082 1201 1156 ciri

466 1191 483 1263 δ
505 1199 565 1281 μὲν
588 1195 732 1287 πονηρὸς
755 1189 848 1264 οδδέν
872 1187 951 1264 illle
977 1194 1065 1286 πλὴν
1088 1192 1197 1278 κακός,

466 1296 483 1368 δ
506 1307 534 1368 δ’
553 1301 673 1382 ἐσθλὸς
696 1295 770 1370 olda*
794 1311 961 1391 orpqong
985 1298 1051 1371 lino

464 1404 559 1497 ‹sion›
582 1411 749 1497 dticslletp’,
775 1403 858 1477 δλλδ
881 1407 1016 1500 χρηστός
1039 1412 1103 1476 ἕατ’
1128 1402 1194 1492 cici,-

465 1509 512 1603 ἆρ’
537 1515 566 1582 oi
595 1512 734 1596 τεκόντος
758 1519 967 1607 διαφέρουσιν
991 1514 1010 1608 ἢ
1035 1517 1167 1604 τροιραίς

465 1621 529 1706 ἔχει
553 1649 587 1710 γε
609 1624 720 1707 μέντοι
744 1625 799 1690 καὶ
826 1621 862 1689 τδ
886 1630 1073 1714 δρειρθῆιιαι
1098 1626 1207 1702 καλῶς

466 1729 593 1810 δίδαξιν
617 1732 738 1796 arctet·
763 1771 805 1778 —

250 1834 336 1899 forte
350 1834 500 1900 eiusdem
512 1836 558 1921 fg.
572 1839 616 1902 60
627 1840 816 1922 spectant.¹)
839 1839 958 1923 Neque
971 1847 1086 1901 tamen
1097 1859 1187 1921 nego
1201 1836 1333 1901 lubrica
1343 1836 1428 1901 haec

251 1964 337 2024 esse,
349 1944 547 2026 praesertim
557 1966 633 2008 cum
645 1944 872 2010 institutionis
881 1945 1016 2008 homini
1026 1944 1197 2028 praebitae
1209 1965 1285 2007 cum
1297 1945 1428 2008 semine

251 2062 358 2113 terrae
382 2050 517 2134 ingesto
543 2051 749 2135 comparatio
783 2051 899 2115 eadem
933 2051 1034 2116 etiarn
1065 2051 1147 2116 alibi
1171 2050 1308 2115 obviam
1333 2051 1428 2130 flata,

340 2157 523 2239 EceteriS,
549 2180 633 2241 quae
666 2167 745 2223 ante
778 2181 904 2222 annum
933 2160 999 2224 425
1023 2170 1116 2222 actae
1150 2181 1222 2223 esse
1253 2158 1427 2240 videntur,

250 2262 374 2327 fabulis
401 2263 624 2328 Phaethontis
659 2272 692 2328 et
720 2265 825 2328 Oenei
854 2264 1046 2349 fragmenta
1077 2287 1152 2329 cum
1179 2265 1430 2349 Antiphonteis

251 2368 454 2434 conferenda
483 2392 554 2434 non
585 2370 774 2452 continent;
799 2371 967 2456 Thyestae
991 2374 1055 2437 391
1082 2380 1115 2436 et
1138 2372 1203 2438 392
1227 2379 1266 2435 ut
1289 2372 1428 2455 similia,

251 2477 298 2541 ita
323 2498 431 2560 paene
455 2477 496 2540 ab
520 2476 737 2560 Antiphonte
761 2478 946 2561 pendentia
977 2478 1017 2542 de
1040 2479 1132 2542 vitae
1163 2479 1430 2543 aerumnositate

252 2583 484 2666 pronuntiant,
512 2583 595 2647 Inus
627 2584 693 2649 402
726 2584 852 2648 similia
884 2585 925 2648 de
956 2585 1072 2649 uxoris
1105 2585 1280 2648 ducendae
1310 2585 1430 2650 discri-

250 2689 352 2772 mine,
377 2690 442 2757 417
467 2690 508 2753 de
533 2691 689 2773 stultitia,
716 2713 781 2774 qua
803 2693 901 2776 plura
917 2699 1116 2776 appetentes
1134 2713 1218 2776 quae
1242 2691 1440 2770 habeamus,

250 2789 464 2877 omittamus3
488 2798 764 2882 Bellerophontis
780 2799 844 2863 291
869 2806 1004 2882 tempus
1029 2797 1199 2882 optimum
1222 2797 1429 2881 magistrum

250 2926 322 2968 esse
347 2904 454 2988 ponit,
481 2905 545 2969 286
561 2915 684 2987 autem,
705 2927 809 2988 quam
826 2905 959 2968 diversa
974 2905 1157 2990 Euripides
1177 2904 1217 2967 de
1242 2904 1315 2969 deis
1342 2905 1429 2968 iudi-

250 3011 378 3075 caverit
401 3019 502 3094 atque
524 3011 714 3095 Antiphon,
740 3012 847 3076 maior
870 3012 926 3075 scl.
950 3020 1042 3090 natu,
1066 3011 1263 3074 felicissime
1284 3011 1428 3094 docet;³)

249 3117 431 3181 Phoenicis
464 3117 610 3201 denique
641 3120 707 3183 805
741 3126 950 3182 senectutem
966 3147 968 3151 ·
984 3118 1186 3202 perstringit
1219 3139 1296 3181 cum
1326 3117 1429 3182 Anti-

249 3224 389 3308 phonte,
414 3225 481 3290 808
496 3222 547 3302 (cl.
563 3225 638 3289 804.
654 3226 731 3307 807)
747 3226 915 3306 mulieres,
940 3226 1008 3290 810
1022 3233 1136 3289 autem
1157 3224 1268 3287 denuo
1284 3233 1428 3289 naturae

250 3332 439 3415 potentiam
463 3332 620 3415 explicat,
644 3333 710 3396 812
727 3339 844 3396 contra
867 3354 944 3395 cum
960 3332 1177 3416 Antiphonte
1201 3334 1429 3416 congruentia

250 3437 392 3523 exponit
404 3437 446 3501 de
458 3459 538 3501 usus
555 3437 877 3522 consuetudinisque
890 3439 926 3500 in
941 3460 1052 3502 mores
1062 3439 1107 3521 vi,
1121 3447 1159 3503 ut
1170 3439 1272 3502 huius
1286 3438 1427 3523 quidem

248 3543 379 3609 fabulae
404 3544 539 3627 dialogo
565 3544 710 3627 quodam
726 3545 903 3628 oppositas
920 3545 1001 3608 olim
1017 3543 1121 3608 luisse
1138 3545 1327 3610 sententias
1351 3545 1427 3610 illas

250 3662 284 3715 et
306 3651 526 3736 Euripideam
552 3660 585 3716 et
608 3650 890 3740 Antiphonteam,
922 3673 1023 3736 quam
1053 3651 1313 3734 nominaverim,
1349 3675 1427 3717 con·

249 3758 401 3838 iecerisf)
452 3758 505 3821 Ex
537 3757 585 3821 eis
618 3766 731 3822 autem
763 3756 895 3840 tabulis,
930 3780 1014 3842 quae
1048 3757 1146 3822 annis
1178 3758 1427 3842 posterioribus

432 3883 592 3935 Duemmler
610 3899 637 3950 p.
657 3883 716 3945 176,
735 3882 833 3935 Nestle
852 3900 878 3952 p.
899 3883 951 3934 180
970 3899 1033 3935 cum
1053 3883 1118 3937 adn.
1138 3883 1172 3936 29
1192 3888 1226 3970 (pt
1246 3883 1317 3946 477).

341 3884 356 3940 1ι
377 3883 412 3936 cf.

339 3972 357 4033 ²)
378 3971 413 4023 cf.
432 3972 563 4041 Hippocr.
583 3972 674 4036 Νόμος
695 3988 756 4040 cap.
777 3973 802 4038 3,
821 3972 867 4024 vd.
886 3972 982 4024 Nestle
1002 3973 1018 4025 l.
1032 3972 1048 4025 l.

339 4064 356 4122 ³)
376 4060 413 4113 cf.
432 4059 532 4114 Nestle
551 4076 598 4129 pp.
619 4059 678 4123 130,
698 4060 757 4113 216.

340 4151 357 4211 ⁴)
377 4150 413 4201 cf.
433 4145 521 4202 etiarn
540 4149 592 4203 813
613 4149 647 4201 de
667 4149 774 4201 divitiis
793 4149 909 4218 vitaque
936 4165 1085 4201 aerumnas
1112 4147 1289 4214 continente,
1315 4151 1368 4203 816
1388 4150 1424 4202 de

250 4237 409 4290 mortalium
416 4237 533 4292 vivendi
549 4237 689 4307 cupidine,
703 4237 756 4290 809
767 4237 801 4290 de
812 4236 863 4299 eis,
879 4236 927 4306 qui
943 4239 1010 4290 sunt
1023 4245 1115 4303 πεῖραν
1129 4237 1160 4289 οὐ
1175 4239 1320 4296 δεδοικότες
1333 4240 1419 4306 σοφοί.
