3030 4672
20 3836 188 3907 complexio.

720 233 942 297 ,34-

242 426 411 491 Platonici
434 449 468 510 p.
488 427 553 491 322
572 426 605 490 Α
624 427 788 510 prolatam
813 425 878 490 hoc
901 427 974 490 loco
999 425 1123 510 respici
1143 425 1286 509 putavit.
1332 426 1425 490 Nam

244 556 321 598 cum
340 532 508 617 respicere
532 555 567 596 se
592 533 731 597 alterius
747 532 922 596 cuiusdam
940 533 1005 595 viri
1022 532 1221 617 opinionem
1237 532 1424 619 Antiphon

244 640 317 725 ipse
332 639 436 704 verbo
452 644 532 724 φησί
553 639 764 703 indicaverit.
781 639 988 723 Protagorae
1010 650 1126 703 tamen
1141 639 1312 703 Platonici
1328 638 1424 704 dicto

244 747 357 829 home,
390 746 517 831 quippe
545 745 605 830 qui
628 745 768 810 divinae
800 744 956 811 fortunae
988 745 1158 831 particeps
1190 746 1245 828 sit,
1279 768 1321 809 ex
1352 768 1426 811 om-

245 852 346 917 nibus
369 853 573 917 animalibus
597 853 687 916 solus
712 851 793 916 deos
808 853 918 917 vereri
938 852 1072 935 dicitur,
1089 851 1316 936 Antiphontis
1334 850 1427 937 frag-

245 967 361 1024 mento
400 960 490 1023 inter
527 959 653 1024 bestias
692 981 812 1023 omnes
848 960 1007 1023 maxime.
1067 959 1143 1023 Illic
1181 959 1289 1042 igitur
1328 967 1427 1024 extra

245 1067 431 1131 bestiarum
463 1088 643 1130 numerum
676 1067 789 1131 locum
821 1066 933 1149 habet,
959 1067 1049 1130 intra
1072 1064 1136 1128 hic.
1182 1065 1301 1149 Neque
1326 1066 1427 1150 parvi

246 1171 438 1237 faciendum
459 1195 531 1237 esse
556 1173 709 1256 arbitror,
736 1172 827 1259 quod
850 1173 890 1238 ab
911 1172 1126 1255 Antiphonte
1149 1193 1217 1236 vox
1242 1171 1430 1237 adhibetur

246 1284 370 1363 θηρίον,
396 1301 481 1363 quae
505 1280 594 1345 sicut
620 1284 683 1364 θήρ
699 1280 845 1345 bestiam
864 1277 991 1359 (feram)
1008 1299 1143 1362 semper
1158 1277 1299 1343 denotat
1313 1301 1429 1363 neque

246 1408 417 1469 umquam,
443 1387 474 1450 si
491 1410 561 1452 non
586 1409 663 1451 curn
686 1385 879 1471 ignominia
901 1385 1026 1448 dicitur
1044 1383 1095 1462 (cf.
1115 1383 1350 1449 Anaxandrid.
1372 1407 1429 1470 ap.

247 1493 374 1557 Athen.
386 1493 456 1557 XV
467 1496 531 1576 50),
550 1515 651 1578 quem
665 1498 749 1575 ζῷον
762 1492 918 1572 (animal)
931 1490 1091 1556 denotare
1102 1499 1228 1576 potest,
1239 1491 1430 1556 hominem.

250 1599 359 1676 Quare
375 1622 451 1664 cum
466 1598 540 1662 fieri
557 1599 697 1662 omnino
714 1620 784 1662 non
808 1619 908 1682 posse
925 1599 1062 1680 eluceat,
1087 1608 1126 1663 ut
1142 1600 1350 1682 Protagorea
1374 1599 1431 1663 his

249 1714 400 1792 spectata
434 1704 514 1788 sint,
557 1727 667 1788 neque
701 1712 816 1769 utrum
854 1705 1004 1788 genuina
1036 1705 1095 1769 illa
1131 1705 1292 1787 dicamne,
1329 1728 1375 1770 an
1411 1729 1432 1770 a

249 1813 392 1875 Platone
416 1819 550 1875 tantum
573 1811 661 1894 ficta,
686 1811 773 1874 mihi
797 1811 1056 1896 disceptandum
1084 1811 1125 1876 fit
1148 1819 1182 1876 et
1207 1812 1434 1896 explicationi

250 1941 270 1982 a
292 1918 542 2002 lexicographis
561 1920 717 2002 prolatae
740 1918 849 1981 maior
871 1917 955 1982 fides
978 1917 1135 1982 habenda
1159 1941 1230 1982 esse
1255 1917 1433 2000 videtur.¹)

250 2024 336 2088 Nam
354 2046 431 2088 cum
447 2047 567 2108 parum
587 2024 765 2108 prudentis
782 2031 871 2088 esset
885 2024 1027 2089 dictum:
1053 2025 1175 2102 „homo
1196 2025 1255 2108 qui
1273 2025 1434 2090 omnium

250 2131 436 2195 bestiarum
466 2131 546 2196 deos
580 2131 728 2195 maxime
752 2153 918 2195 venerans
952 2153 1024 2195 esse
1048 2131 1158 2213 vult&
1190 2171 1233 2178 —-
1266 2133 1434 2215 quoniam

251 2259 326 2301 meo
355 2237 493 2322 quidem
526 2238 665 2303 arbitrio
699 2239 839 2302 omnino
872 2262 942 2303 non
965 2247 1172 2303 venerantur
1203 2237 1331 2303 bestiae
1357 2262 1434 2304 cae-

251 2346 352 2409 lestes
368 2383 421 2426 —,
446 2344 575 2428 optime
594 2366 667 2408 sese
690 2345 884 2408 habiturum
910 2354 1010 2409 esset:
1049 2346 1170 2431 ⁷,homo
1191 2345 1250 2429 qui
1272 2347 1433 2410 omnium

251 2451 437 2516 beatianam
460 2449 569 2514 forma
592 2450 647 2514 dei
670 2450 912 2514 consimillima
944 2474 1017 2515 esse
1041 2451 1146 2516 vult.“
1204 2453 1324 2536 Neque
1358 2475 1435 2518 non

252 2557 333 2622 talia
356 2557 510 2641 posuisse
530 2557 734 2621 Graecorum
759 2557 983 2642 philosophos
998 2568 1131 2623 veteres
1154 2569 1273 2645 postea
1289 2558 1435 2624 demon-

253 2663 402 2745 strabos>
434 2702 477 2709 —
500 2663 577 2747 Age
601 2685 692 2726 nunc
717 2663 897 2747 adipsum
923 2665 971 2728 rei
995 2665 1167 2729 cardinem
1190 2666 1330 2730 tandem
1356 2689 1436 2751 per-

252 2770 446 2833 veniamus:
492 2770 628 2833 Dixisse
662 2769 786 2853 opinor
808 2771 1062 2854 Antiphontem
1086 2771 1262 2837 hominem
1287 2775 1435 2857 (ἄνθρω-

252 2888 333 2957 πος’),
359 2877 517 2960 quamvis
541 2876 693 2940 omnium
719 2877 902 2941 bestiarum
926 2879 1153 2962 appellaretur
1176 2900 1310 2943 summa
1328 2887 1437 2964 atque

254 2982 393 3046 deorum
433 2984 673 3046 consimillima
704 2987 948 3066 (fermentator).
994 2985 1256 3049 miserrimam
1296 2993 1437 3051 tamen

255 3089 400 3173 degere
424 3089 556 3153 vitam.
589 3089 719 3154 Idcirco
738 3091 772 3152 in
787 3091 878 3154 vitae
895 3092 1109 3156 accusatione
1126 3115 1144 3155 a
1159 3092 1259 3157 nobis
1274 3093 1439 3158 restituta

254 3196 319 3260 hoc
339 3217 472 3279 quoque
487 3194 717 3280 fragmentum
734 3194 874 3260 infuisse
892 3197 1048 3262 existimo
1066 3207 1101 3263 et
1115 3207 1193 3263 ante
1207 3199 1252 3283 fg.
1268 3201 1312 3265 49
1327 3222 1437 3284 pon0,

256 3293 322 3389 quo
356 3303 438 3367 item
472 3303 513 3367 de
555 3303 694 3367 homine
727 3307 923 3385 (ἄνθρωπος)
962 3305 1017 3388 agi
1051 3305 1208 3369 vidimus.
1269 3306 1318 3370 Ut
1349 3329 1438 3372 vero

255 3413 370 3493 rupae
394 3410 487 3473 vocis
509 3433 573 3474 usu
597 3410 685 3473 ratio
711 3410 873 3493 quaedam
899 3410 990 3493 insit,
1024 3411 1065 3475 dc
1089 3411 1272 3476 bestiarum
1298 3434 1438 3497 quoque

256 3515 336 3598 vita,
354 3515 471 3580 eadem
488 3517 618 3581 scilicet
637 3516 784 3581 miseriis
801 3527 970 3600 turgente,
988 3527 1087 3582 antea
1102 3518 1313 3602 disputatum
1327 3517 1440 3585 fuisse

256 3630 433 3707 praeterea
460 3624 675 3707 concluseris.

346 3828 503 3891 Alterum
526 3828 634 3911 igitur
661 3828 872 3892 restituimus
906 3843 1015 3911 caput,
1051 3828 1141 3912 quod
1174 3839 1244 3892 erat
1277 3828 1318 3892 de
1341 3830 1441 3896 vitae

257 3934 404 3997 miseriis
445 3933 671 4019 (Vituperatio
710 3935 823 4002 vitael.
886 3934 990 3997 Cuius
1033 3935 1153 4018 capitis
1195 3935 1325 4020 integri
1366 3936 1442 4002 fere

257 4027 507 4113 —b—lffirm
523 4048 673 4118 Sylburgio
685 4051 714 4102 et
724 4050 911 4102 Buttmannio
927 4050 1057 4111 (Lexicol.
1069 4051 1080 4101 l
1090 4067 1116 4119 p.
1127 4052 1187 4114 173)
1199 4050 1339 4104 Dielesius
1348 4053 1366 4082 ¹·
1373 4052 1392 4103 ².
1404 4085 1442 4093 -

348 4134 366 4192 ²)
386 4129 522 4183 Fortasse
550 4129 707 4199 Diogenem
726 4129 940 4198 Apolloniatum
967 4129 1137 4198 respiciebat
1162 4132 1265 4184 auctor
1289 4131 1337 4198 (cf.
1360 4132 1443 4189 infra

258 4210 288 4263 in
308 4210 402 4280 capite
423 4210 456 4263 de
473 4208 607 4277 Ἀληθείας
627 4210 697 4264 libro
717 4211 840 4279 scripto).
