3030 4672
727 206 947 268 ..23-

248 404 281 467 si
306 403 441 486 quidem
466 410 561 485 grata
585 409 646 483 est,
671 401 737 465 tale
770 400 881 483 ipsum
907 421 978 468 esse
1012 420 1132 482 corpus
1166 398 1281 481 itaque
1314 397 1423 461 nihilo

251 510 400 573 minores
417 507 556 572 reddere
572 529 682 591 neque
699 507 891 589 voluptates
908 527 1018 588 neque
1035 505 1204 585 dolores,¹)
1229 526 1328 587 quam
1349 504 1423 587 ipse

248 616 317 680 sibi
341 625 375 679 et
397 614 604 679 valetudinis
628 636 727 677 causa
760 612 902 676 duorum
936 634 1114 695 corporum
1148 621 1182 674 et
1205 612 1316 676 victus
1345 633 1423 674 oon-

251 721 447 805 quisitionis
471 732 505 786 et
528 720 772 805 temperantiae
795 720 971 802 bonaeque
996 718 1299 782 existiriiationis?“

340 828 476 911 Optime
509 828 592 892 baec
624 826 875 909 clarissimeque
911 825 1000 889 dict-a
1034 846 1106 887 esse
1140 823 1257 908 puto‘2)
1303 825 1423 908 Neque

250 934 381 998 mutavi
414 935 603 1018 quicquam,
639 934 708 997 nisi
740 932 840 1016 quod,
874 954 958 1015 quae
992 940 1081 995 certa
1105 939 1185 994 sunt
1208 932 1422 1014 glossemata,

247 1041 335 1104 eieci
359 1045 400 1111 εἰς
423 1043 478 1122 τὴν
501 1042 654 1123 συλλογὴν
677 1039 824 1124 petitum
849 1039 905 1103 scl.
930 1061 970 1101 ex
995 1037 1237 1122 posterioribus
1261 1037 1336 1119 (del.
1353 1038 1423 1100 iarn

250 1146 352 1212 Mein.
368 1145 479 1231 Saupi
504 1156 538 1210 et
560 1151 614 1210 >ml
636 1156 691 1210 τοῦ
715 1147 749 1209 εἶν
773 1149 899 1210 ἀκούειν
923 1145 999 1227 (del.
1023 1145 1133 1209 voluit
1158 1145 1224 1207 iarn
1248 1145 1361 1223 Mein,
1393 1148 1425 1214 ἐς

249 1257 283 1317 τὸ
308 1255 342 1318 εὖ
366 1257 493 1318 ἀκούειν
526 1253 610 1318 coni.
635 1252 775 1335 Diels2),
800 1261 839 1316 ut
871 1261 1000 1315 taceam
1025 1251 1065 1314 de
1091 1250 1262 1314 scribendi
1288 1251 1423 1314 mendis

248 1361 317 1423 iam
350 1359 476 1423 dudum
510 1359 706 1429 correctis³l
752 1360 797 1423 Et
836 1359 965 1442 optime
999 1358 1111 1442 priora
1146 1357 1332 1442 excipiunt,
1357 1358 1422 1422 boc

246 1476 382 1530 tantum
407 1490 481 1530 cum
507 1474 672 1549 teneatur,
696 1489 766 1530 non
789 1466 904 1530 thema
927 1465 1139 1549 probandum
1157 1465 1235 1528 dare
1260 1474 1421 1548 extrema,

249 1572 308 1636 sed
331 1572 499 1657 probandi
523 1596 621 1636 eausa
645 1573 718 1657 ipsa
741 1573 864 1655 afferri,
888 1582 1076 1656 notumque
1100 1571 1341 1656 disputationis
1367 1595 1422 1635 ex-

248 1680 370 1744 hibent
384 1680 558 1759 modumfi)
610 1680 719 1757 Quare
735 1702 845 1763 neque
862 1679 1076 1760 mutationes
1098 1701 1180 1762 quas
1197 1680 1421 1762 protulerunt,

245 1785 388 1850 effirsius
411 1810 466 1850 me
489 1784 633 1851 refutare
658 1808 744 1870 opus
768 1808 840 1851 esse
864 1786 1008 1850 arbitror
1040 1809 1150 1870 neque
1182 1786 1225 1849 ad
1257 1785 1422 1870 interpre-

247 1893 389 1957 tandum
414 1894 526 1958 locum
550 1893 730 1977 quicquam
755 1893 885 1958 addere.

336 2000 518 2065 Artissinie
541 2010 653 2064 autem
679 1999 859 2064 coniuncta
891 2008 980 2082 sunt,
1016 2021 1099 2082 quae
1131 2000 1318 2064 succedunt
1340 2008 1422 2063 uta

247 2111 324 2189 pape
349 2109 387 2190 a»)
413 2129 527 2170 rursus
551 2106 763 2190 incipientia,
789 2107 837 2170 ita
853 2106 1107 2191 progredientia
1130 2107 1171 2170 ad
1187 2129 1312 2170 novam
1328 2106 1421 2170 vitae

248 2222 386 2295 partem.
433 2213 643 2276 Matrimonii
661 2212 794 2275 dolores
812 2211 970 2276 declarati
987 2228 1066 2276 sunt
1082 2214 1122 2291 ei,
1145 2213 1203 2296 qui
1219 2212 1261 2276 ob
1278 2234 1418 2276 uxorem

243 2318 438 2382 existerent.
484 2319 584 2383 Nunc
600 2318 642 2382 ad
665 2318 790 2382 liberos
813 2318 960 2383 transitu
982 2318 1070 2383 iacto
1087 2320 1124 2382 hi
1141 2342 1274 2403 quoque
1290 2321 1417 2383 malum

242 2426 469 2509 appellantur.
501 2425 640 2489 Servata
650 2447 734 2509 quae
746 2434 825 2489 sunt
835 2425 936 2488 huius
947 2426 1191 2509 disputationis
1204 2436 1272 2490 tam
1287 2427 1419 2510 paucis-

246 2531 332 2595 sima
343 2554 457 2596 rursus
468 2554 568 2615 quam
581 2532 849 2596 luculentissima
866 2532 981 2596 eadem
998 2533 1114 2596 liberis
1131 2555 1265 2616 quoque
1281 2533 1418 2597 crimini

241 2637 323 2702 data
339 2661 421 2722 esse,
436 2661 520 2723 quae
537 2648 636 2704 autea
650 2639 749 2702 uxori
761 2640 848 2703 clare
861 2638 1105 2704 demonstrant.
1131 2639 1234 2703 Ouras
1251 2639 1343 2703 enim
1360 2662 1418 2704 eos

246 2767 362 2829 parare
387 2755 427 2810 ut
450 2746 544 2808 illam
567 2756 677 2829 atque,
704 2768 778 2810 cum
804 2747 918 2830 plures
942 2746 1020 2829 sint,
1046 2755 1080 2810 et
1102 2754 1212 2810 tantas
1237 2755 1271 2811 et
1293 2755 1353 2830 tot,
1379 2756 1419 2812 ut

241 2852 345 2916 abeat
364 2875 381 2915 e
401 2860 516 2915 monte
539 2852 707 2916 iuvenalis
733 2853 896 2917 exultatio
920 2851 1088 2937 faciesque
1112 2854 1186 2937 ipsa
1202 2852 1417 2919 deformetur.

244 2958 363 3043 Neque
388 2957 539 3042 dubium,
569 2960 652 3044 quin
676 2960 794 3023 eodem
819 2982 884 3044 quo
908 2960 1002 3043 prior
1033 2960 1133 3023 modo
1166 2960 1249 3024 haec
1283 2981 1416 3045 quoque

241 3065 415 3129 sententia
430 3066 570 3151 probata
593 3065 708 3134 fuerit:
732 3067 869 3131 Etenim
888 3089 987 3152 quem
1004 3065 1121 3150 fugere
1137 3076 1251 3150 potest
1266 3068 1417 3152 primum

337 3213 352 3269 ¹)
372 3207 434 3260 Non
454 3209 585 3262 haerebis
611 3209 637 3260 in
656 3208 701 3262 his
725 3209 911 3263 Graecissime
936 3210 1088 3278 expressis,
1114 3210 1137 3261 si
1164 3209 1316 3262 contuleris
1343 3227 1416 3280 quae

244 3297 365 3350 diximus
385 3297 421 3350 ad
441 3297 558 3350 similem
577 3298 616 3366 ig.
636 3299 671 3351 54
689 3298 790 3353 locum.

334 3385 354 3453 ²)
373 3385 480 3439 Eodem
494 3386 552 3439 iere
572 3388 660 3456 atque
675 3405 727 3440 nos
741 3387 824 3440 modo
839 3387 1229 3456 Antiphontemintellexisse
1244 3405 1318 3441 nunc
1333 3389 1416 3442 video

243 3474 392 3542 Blassium,
412 3476 491 3528 ouius
509 3475 724 3529 adnotationem
744 3477 829 3529 liceat
847 3475 967 3530 addere:
987 3477 1060 3544 „Sed
1076 3476 1149 3529 hano
1169 3494 1230 3529 esse
1244 3479 1415 3531 sententiam

244 3569 325 3632 puto:
355 3563 414 3634 Ego
435 3564 508 3616 enim
527 3564 553 3617 si
571 3564 638 3617 mihi
658 3565 777 3617 alterum
798 3579 899 3633 corpus
919 3565 1080 3633 contigerit,
1107 3566 1202 3618 vivore
1221 3582 1281 3620 non
1300 3567 1414 3635 possim,

244 3652 346 3721 quippe
375 3653 421 3722 qui
448 3670 521 3706 nune
548 3669 661 3723 quoque
686 3656 746 3706 tam
772 3654 861 3706 multa
886 3653 953 3706 111111
981 3653 1100 3722 negotia
1125 3657 1279 3723 praebeam
1303 3672 1326 3708 e.
1347 3673 1372 3726 q.
1392 3673 1414 3710 e.

244 3740 314 3805 Quid
334 3741 428 3810 igitur,
449 3741 480 3804 si,
501 3741 740 3812 quemadmodum
761 3741 824 3809 dixi,
851 3743 971 3795 alterum
991 3760 1102 3812 quoque
1129 3761 1229 3813 corpus
1255 3745 1322 3797 111111
1349 3762 1414 3798 oon-

243 3829 339 3898 1111111
359 3847 382 3883 e.
402 3847 427 3900 q.
447 3831 485 3882 s.“

332 3918 644 3989 Β111111111111’νγ1ι’1ις;
672 3922 697 3971 τί
713 3920 753 3983 ἂν,
783 3920 857 3990 qnod
878 3920 988 3989 quidem
1010 3937 1044 3974 ne
1062 3922 1206 3990 teneatur,
1235 3924 1272 3976 nil
1301 3922 1413 3993 obstat3

242 4009 266 4058 εἰ
290 4029 337 4074 μη,
363 4029 390 4075 γε
412 4007 463 4075 pi),
490 4008 613 4074 συλλογῆς
645 4009 702 4060 καὶ
735 4008 799 4076 ὑπὲρ
829 4009 909 4062 codd.
937 4008 1060 4064 fortasse
1088 4028 1143 4063 non
1173 4012 1321 4065 delendum
1350 4030 1413 4066 euin

240 4097 271 4149 S.
290 4096 365 4150 Dm.

331 4185 352 4253 4)
370 4185 401 4237 οὐ
420 4186 548 4253 δυναίμην
567 4188 614 4253 ζῆν
632 4217 666 4224 -
685 4187 820 4254 πράγματα
839 4185 887 4254 γὰρ
905 4187 1042 4254 παρέχοιμι
1062 4189 1100 4240 ἂν.
