3030 4672
52 676 69 728 ς.
78 661 153 714 64:
164 661 240 713 laea.

744 251 965 314 ..48-

268 468 342 510 sese
363 445 488 510 habere
511 468 581 511 non
605 446 816 529 intellegant,
850 445 910 509 sed
933 445 1042 509 socios
1071 445 1219 512 habeant
1241 446 1425 513 divitiamm

268 552 457 617 adulatores
481 562 516 618 et-
537 552 695 618 fortunae
717 551 942 617 blandientes.

356 660 476 745 Itaque
505 661 539 724 in
568 661 815 744 Excerptorunr
838 658 1157 724 Vindobonensium
1186 662 1276 725 loco:
1323 665 1355 725 αἱ
1376 665 1428 725 νέαι

268 770 365 851 φιλίαι
388 771 552 850 ἀναγκαῖαι
576 773 644 851 με’ν,
668 773 700 832 ui
724 770 758 831 ὁε
780 769 907 831 παλαιαί
932 770 1172 850 ἀναγκαιότεραι
1200 766 1257 852 (fg.
1282 768 1430 856 64ί13ὂε)

268 895 329 959 pro
348 874 557 959 Antiphanis
571 874 721 953 nomine,
747 873 837 957 quod
856 874 1096 958 praemittitur,
1117 874 1354 959 reponendum
1370 896 1431 939 esse

267 980 495 1065 Antiphontis
519 981 633 1063 (Mein.
658 980 758 1064 Saup.
782 980 834 1043 Bl.
857 981 911 1061 D.)
940 980 1228 1045 verisimillimum
1261 981 1314 1064 fia
1349 1004 1432 1066 prae-

268 1086 385 1151 sertim
409 1109 486 1152 oum
511 1087 680 1152 sententia
708 1087 767 1150 illa
798 1086 934 1171 „Novae
957 1086 1127 1151 amicitiae
1152 1097 1244 1153 artae
1269 1088 1370 1154 sunt“
1399 1127 1432 1136 -

267 1193 482 1279 nequeenim
495 1195 594 1260 aliter
607 1193 822 1277 interpretari
836 1214 973 1277 possum
986 1194 1181 1277 ‹lvuyuotut¹)
1193 1233 1235 1242 —
1247 1194 1330 1280 „sed
1342 1195 1433 1259 etiam

267 1301 408 1366 artiores
431 1306 583 1365 veteres“
610 1323 678 1364 non
703 1301 936 1364 ahhorrereta
959 1300 1051 1364 serris
1074 1301 1176 1366 huius
1192 1301 1308 1365 animo
1334 1301 1434 1365 indul-

267 1407 365 1491 genti
388 1415 489 1492 atque
513 1407 598 1472 miti.

358 1549 467 1627 Quid?
492 1550 601 1614 hucne
618 1550 719 1613 etiarn
738 1549 920 1634 releganda
935 1549 1077 1613 obscura
1090 1549 1149 1613 illa
1161 1549 1435 1634 Harpocrationis

268 1658 393 1740 glossa:
426 1659 576 1727 διάθεσις·
602 1659 666 1720 ἀνιί
691 1665 745 1719 ταῦ
770 1660 919 1739 διοίκησις
943 1659 961 1720 ὁ
985 1658 1079 1727 αἰπὺς
1102 1656 1296 1740 (Antiphon
1321 1660 1435 1738 orator)

268 1766 301 1827 ἐν
315 1771 361 1845 τῷ
375 1766 446 1845 περὶ
460 1766 622 1846 ὁμονοίας·
647 1765 714 1826 ἀλλ’
731 1766 845 1831 nidore<
860 1766 915 1845 τὴν
935 1765 1076 1827 διάθεσιν
1100 1766 1273 1828 ἀκούουσιν
1294 1766 1435 1851 (631107)

267 1869 382 1954 itaque
417 1869 686 1954 interpretanda:
743 1868 831 1953 „Sed
872 1869 966 1933 vitae
1004 1870 1220 1935 conditiones
1258 1872 1435 1956 <optimas>

268 1976 423 2060 cognitas
455 1976 620 2040 habentes
653 1975 840 2040 oboediunt
872 1978 939 2049 (vel
971 1976 1126 2057 audiunt)
1161 1976 1431 2054 <adulatorea>?“

267 2082 323 2146 An
337 2082 519 2167 significat:
546 2082 632 2169 „Sed
647 2106 774 2147 rnorem
788 2084 964 2167 cognitum
978 2082 1142 2148 habentes
1158 2083 1260 2148 amici
1276 2083 1431 2148 audiunt

267 2188 319 2271 (cf.
342 2189 482 2254 Aristot.
515 2189 591 2253 Eth.
624 2189 697 2253 Nic.
720 2189 806 2252 VIII
829 2194 859 2272 3,
893 2192 915 2254 8
949 2195 1081 2261 σπανίας
1105 2192 1222 2261 ὁέἰκός
1245 2190 1341 2273 mil?
1386 2190 1433 2254 An

267 2296 310 2360 ad
337 2318 408 2360 rern
441 2296 615 2381 publicam
650 2296 798 2380 pertinet
833 2297 931 2381 rmRei
963 2295 1120 2381 publicae
1152 2296 1432 2362 administrandae

269 2402 369 2486 periti
392 2403 515 2479 (bene)
539 2401 736 2479 audiunt*]'.³
782 2402 837 2466 An
872 2403 913 2467 de
947 2403 1062 2468 liberis
1086 2403 1270 2468 educandis
1294 2425 1348 2468 res
1372 2404 1432 2468 est?

266 2509 344 2573 Non
367 2509 498 2595 liquere
522 2509 685 2573 confiteor
708 2532 783 2573 curn
808 2509 1030 2591 editoribus.‘·')

355 2708 397 2771 In
425 2707 544 2772 eodem
579 2715 692 2771 alitem
725 2709 794 2788 περὶ
819 2710 947 2790 ἀγωγῆς
970 2710 1021 2771 καί
1045 2710 1187 2778 παιδείας
1219 2707 1332 2791 capite
1365 2729 1431 2772 con-

267 2814 429 2897 tinentur,
451 2835 536 2899 quae
551 2823 680 2878 restant
695 2812 832 2878 Stobaei
850 2814 1017 2877 luminurn
1034 2813 1351 2898 Antiphonteorum
1369 2813 1430 2879 tria.

355 2921 407 2984 Ac
430 2921 578 3005 primum
602 2921 739 3006 quidem
764 2922 912 3007 ‹coslan
937 2920 977 2984 de
997 2920 1113 2984 liberis
1133 2920 1319 2986 educandis
1342 2941 1431 3006 agere

269 3026 488 3092 manifestum
512 3039 571 3092 est.
617 3028 685 3093 Ubi
715 3026 915 3091 brevissime
944 3028 1106 3111 proponit
1128 3036 1258 3092 auctor:
1305 3037 1431 3113 πρῶτον,

267 3139 362 3219 οἶμαι,
385 3144 449 3200 τῶν
468 3139 501 3199 ε’·ιι
519 3138 705 3217 ἀνθρώποις
724 3137 783 3197 ἐστὶ
807 3137 967 3205 παίδευσις
985 3134 1005 3197 i.
1026 3157 1052 3198 e.
1075 3134 1246 3219 „Primam
1264 3134 1297 3218 (i
1318 3159 1345 3199 a.
1365 3154 1431 3219 gra·

267 3243 456 3321 vissimanr)
489 3242 641 3306 omnium
670 3264 781 3305 reruni
816 3241 1037 3304 hurnanarum
1070 3242 1136 3323 (vel
1169 3241 1324 3305 omnium
1357 3260 1432 3326 quae

267 3371 372 3434 penes
402 3349 558 3413 homines
593 3364 673 3413 sunt
707 3352 830 3428 rorum)
865 3347 1100 3412 educationem
1136 3369 1209 3412 esse
1243 3357 1338 3432 puto,
1374 3365 1432 3434 qua

268 3455 591 3520 1ἱ1)ανίίειιίη1αε.“3ι
638 3456 741 3518 Suam
765 3455 872 3538 igitur
897 3455 1104 3519 sententiam
1127 3478 1163 3519 se
1187 3453 1339 3539 proferre
1364 3475 1431 3520 con·

359 3675 375 3731 ¹)
395 3668 431 3722 cf.
451 3668 595 3737 Antiphon
615 3668 686 3721 Vll
706 3675 732 3720 et
754 3668 953 3731 ll'ilarnon'itz‚
973 3667 1077 3723 Philol.
1096 3668 1208 3722 Unters.
1226 3666 1241 3721 I
1260 3684 1289 3739 p.
1309 3671 1353 3724 48.

356 3776 374 3841 ²)
395 3777 456 3842 Qua
475 3776 584 3829 ratione
603 3776 736 3827 inductus
755 3774 933 3828 Ineunte-¹³²
950 3776 1075 3844 glossam
1095 3776 1168 3829 inter
1186 3776 1225 3846 fg.
1240 3776 1274 3830 62
1295 3779 1326 3830 et
1343 3776 1377 3830 64
1390 3788 1431 3846 po·

267 3866 366 3933 suerit,
385 3866 491 3934 ignoro.

355 3977 374 4031 ἰ
392 3970 439 4025 Ita
457 3972 589 4023 aethnei:
610 3989 708 4024 vocent
727 3971 968 4040 interpretandam
988 3988 1059 4033 esse,
1079 3987 1171 4041 neque
1186 3988 1298 4025 omnem
1313 3968 1432 4027 educati·

266 4079 347 4116 onem
366 4061 488 4131 spectari
509 4067 647 4115 contextu
666 4062 886 4114 demonstratur.
922 4067 1029 4125 πρῶτον
1048 4061 1144 4113 autem
1171 4060 1246 4113 idem
1272 4078 1336 4116 esse
1353 4064 1431 4132 atque

266 4149 464 4219 gravissimum
484 4158 511 4204 et
530 4149 600 4215 οἶμαι
622 4149 749 4203 additum
769 4151 870 4220 probat
889 4157 917 4201 et
938 4150 1152 4218 argumentatio
1171 4152 1208 4204 ab
1230 4149 1373 4219 ὅτανγὰρ
1397 4149 1431 4203 in·

266 4241 380 4310 cipiens‘.
