<?xml version="1.0" encoding="UTF-8"?>
<!DOCTYPE html PUBLIC "-//W3C//DTD XHTML 1.0 Transitional//EN"
    "http://www.w3.org/TR/xhtml1/DTD/xhtml1-transitional.dtd">
<html xmlns="http://www.w3.org/1999/xhtml" xml:lang="en" lang="en">
 <head>
  <title>
</title>
<meta http-equiv="Content-Type" content="text/html;charset=utf-8" />
  <meta name='ocr-system' content='tesseract 3.04.00' />
  <meta name='ocr-capabilities' content='ocr_page ocr_carea ocr_par ocr_line ocrx_word'/>
</head>
<body>
  <div class='ocr_page' id='page_1' title='image "./deantiphontequi00altwgoog_0032.png"; bbox 0 0 3030 4672; ppageno 0'>
   <div class='ocr_carea' id='block_1_1' title="bbox 633 201 848 265">
    <p class='ocr_par' dir='ltr' id='par_1_1' title="bbox 633 201 848 265">
     <span class='ocr_line' id='line_1_1' title="bbox 633 201 848 265; baseline 0 -18"><span class='ocrx_word' id='word_1_1' title='bbox 633 201 848 265; x_wconf 69' lang='lat'><strong>-&lt;23-</strong></span> 
     </span>
    </p>
   </div>
   <div class='ocr_carea' id='block_1_2' title="bbox 155 393 1328 1336">
    <p class='ocr_par' dir='ltr' id='par_1_2' title="bbox 155 393 1328 1336">
     <span class='ocr_line' id='line_1_2' title="bbox 156 393 1325 480; baseline 0.002 -22"><span class='ocrx_word' id='word_1_2' title='bbox 156 397 269 480; x_wconf 85' lang='lat' dir='ltr'>legere</span> <span class='ocrx_word' id='word_1_3' title='bbox 292 417 355 460; x_wconf 89' lang='lat' dir='ltr'>nos</span> <span class='ocrx_word' id='word_1_4' title='bbox 378 393 595 460; x_wconf 74' lang='lat' dir='ltr'>manifestum</span> <span class='ocrx_word' id='word_1_5' title='bbox 619 396 688 460; x_wconf 83' lang='lat' dir='ltr'>fiat.</span> <span class='ocrx_word' id='word_1_6' title='bbox 723 395 844 480; x_wconf 85' lang='lat' dir='ltr'>Agunt</span> <span class='ocrx_word' id='word_1_7' title='bbox 867 395 959 459; x_wconf 89' lang='lat' dir='ltr'>enim</span> <span class='ocrx_word' id='word_1_8' title='bbox 985 404 1116 460; x_wconf 86' lang='lat' dir='ltr'>servata</span> <span class='ocrx_word' id='word_1_9' title='bbox 1140 395 1181 460; x_wconf 91' lang='lat' dir='ltr'>de</span> <span class='ocrx_word' id='word_1_10' title='bbox 1207 403 1325 478; x_wconf 79' lang='lat' dir='ltr'>aetate,</span> 
     </span>
     <span class='ocr_line' id='line_1_3' title="bbox 156 501 1326 588; baseline 0.002 -22"><span class='ocrx_word' id='word_1_11' title='bbox 156 525 223 587; x_wconf 90' lang='lat' dir='ltr'>qua</span> <span class='ocrx_word' id='word_1_12' title='bbox 246 502 462 567; x_wconf 90' lang='lat' dir='ltr'>matrimonio</span> <span class='ocrx_word' id='word_1_13' title='bbox 489 501 619 567; x_wconf 81' lang='lat' dir='ltr'>fruatur</span> <span class='ocrx_word' id='word_1_14' title='bbox 649 503 761 568; x_wconf 83' lang='lat' dir='ltr'>homo,</span> <span class='ocrx_word' id='word_1_15' title='bbox 807 503 983 588; x_wconf 73' lang='lat' dir='ltr'>Incipiunt</span> <span class='ocrx_word' id='word_1_16' title='bbox 1012 511 1125 567; x_wconf 88' lang='lat' dir='ltr'>autem</span> <span class='ocrx_word' id='word_1_17' title='bbox 1149 503 1190 567; x_wconf 86' lang='lat' dir='ltr'>ab</span> <span class='ocrx_word' id='word_1_18' title='bbox 1220 503 1326 568; x_wconf 90' lang='lat' dir='ltr'>hisce:</span> 
     </span>
     <span class='ocr_line' id='line_1_4' title="bbox 157 602 1328 697; baseline -0.001 -24"><span class='ocrx_word' id='word_1_19' title='bbox 157 610 235 696; x_wconf 71' lang='grc' dir='ltr'>ιγέρε</span> <span class='ocrx_word' id='word_1_20' title='bbox 257 606 298 697; x_wconf 74' lang='grc' dir='ltr'>δὴ</span> <span class='ocrx_word' id='word_1_21' title='bbox 324 611 548 695; x_wconf 54' lang='grc' dir='ltr'>προελθέαῶ)</span> <span class='ocrx_word' id='word_1_22' title='bbox 574 602 591 676; x_wconf 82' lang='grc' dir='ltr'><em>ὃ</em></span> <span class='ocrx_word' id='word_1_23' title='bbox 613 609 685 694; x_wconf 62' lang='lat' dir='ltr'>plag</span> <span class='ocrx_word' id='word_1_24' title='bbox 708 609 754 688; x_wconf 78' lang='grc' dir='ltr'>εἰς</span> <span class='ocrx_word' id='word_1_25' title='bbox 776 607 814 675; x_wconf 76' lang='grc' dir='ltr'>τὸ</span> <span class='ocrx_word' id='word_1_26' title='bbox 837 604 995 696; x_wconf 65' lang='grc' dir='ltr'>πρόσθεν.</span> <span class='ocrx_word' id='word_1_27' title='bbox 1024 610 1077 673; x_wconf 90' lang='lat' dir='ltr'>De</span> <span class='ocrx_word' id='word_1_28' title='bbox 1092 610 1205 694; x_wconf 88' lang='lat' dir='ltr'>priore</span> <span class='ocrx_word' id='word_1_29' title='bbox 1221 610 1328 694; x_wconf 84' lang='lat' dir='ltr'>igitur</span> 
     </span>
     <span class='ocr_line' id='line_1_5' title="bbox 155 716 1327 802; baseline 0.002 -23"><span class='ocrx_word' id='word_1_30' title='bbox 155 716 228 780; x_wconf 87' lang='lat' dir='ltr'>vita</span> <span class='ocrx_word' id='word_1_31' title='bbox 248 724 348 780; x_wconf 89' lang='lat' dir='ltr'>antea</span> <span class='ocrx_word' id='word_1_32' title='bbox 370 726 482 781; x_wconf 89' lang='lat' dir='ltr'>actum</span> <span class='ocrx_word' id='word_1_33' title='bbox 506 725 585 799; x_wconf 86' lang='lat' dir='ltr'>erat,</span> <span class='ocrx_word' id='word_1_34' title='bbox 611 717 794 801; x_wconf 89' lang='lat' dir='ltr'>eademque</span> <span class='ocrx_word' id='word_1_35' title='bbox 819 717 1004 801; x_wconf 84' lang='lat' dir='ltr'>disputatio</span> <span class='ocrx_word' id='word_1_36' title='bbox 1028 717 1231 802; x_wconf 87' lang='lat' dir='ltr'>praebuerat</span> <span class='ocrx_word' id='word_1_37' title='bbox 1250 717 1327 781; x_wconf 91' lang='lat' dir='ltr'>sub-</span> 
     </span>
     <span class='ocr_line' id='line_1_6' title="bbox 156 814 1328 909; baseline 0.001 -24"><span class='ocrx_word' id='word_1_38' title='bbox 156 822 291 905; x_wconf 80' lang='lat' dir='ltr'>iectum,</span> <span class='ocrx_word' id='word_1_39' title='bbox 318 823 408 906; x_wconf 79' lang='lat' dir='ltr'>quorl</span> <span class='ocrx_word' id='word_1_40' title='bbox 432 823 661 888; x_wconf 81' lang='lat' dir='ltr'>desideramus</span> <span class='ocrx_word' id='word_1_41' title='bbox 684 846 776 888; x_wconf 89' lang='lat' dir='ltr'>nunc</span> <span class='ocrx_word' id='word_1_42' title='bbox 794 816 810 890; x_wconf 86' lang='grc' dir='ltr'>ὁ</span> <span class='ocrx_word' id='word_1_43' title='bbox 827 814 1017 909; x_wconf 67' lang='grc' dir='ltr'>ἅνθρωπος.</span> <span class='ocrx_word' id='word_1_44' title='bbox 1063 824 1109 888; x_wconf 88' lang='grc' dir='ltr'>Ε1</span> <span class='ocrx_word' id='word_1_45' title='bbox 1123 823 1243 888; x_wconf 88' lang='lat' dir='ltr'>eadem</span> <span class='ocrx_word' id='word_1_46' title='bbox 1259 845 1328 888; x_wconf 82' lang='lat' dir='ltr'>vox</span> 
     </span>
     <span class='ocr_line' id='line_1_7' title="bbox 155 925 1324 1019; baseline 0 -27"><span class='ocrx_word' id='word_1_47' title='bbox 155 937 337 1012; x_wconf 88' lang='lat' dir='ltr'>usurpatur</span> <span class='ocrx_word' id='word_1_48' title='bbox 359 928 431 1013; x_wconf 67' lang='grc'><strong>11101</strong></span> <span class='ocrx_word' id='word_1_49' title='bbox 464 937 585 1014; x_wconf 78' lang='lat' dir='ltr'>(neque</span> <span class='ocrx_word' id='word_1_50' title='bbox 617 929 682 1019; x_wconf 79' lang='grc' dir='ltr'>ζωή</span> <span class='ocrx_word' id='word_1_51' title='bbox 713 931 770 994; x_wconf 79' lang='lat' dir='ltr'>vel</span> <span class='ocrx_word' id='word_1_52' title='bbox 804 925 921 1019; x_wconf 63' lang='lat' dir='ltr'>proni),</span> <span class='ocrx_word' id='word_1_53' title='bbox 950 952 1035 1013; x_wconf 89' lang='lat' dir='ltr'>quae</span> <span class='ocrx_word' id='word_1_54' title='bbox 1059 929 1096 992; x_wconf 91' lang='lat' dir='ltr'>in</span> <span class='ocrx_word' id='word_1_55' title='bbox 1124 927 1170 1013; x_wconf 84' lang='lat' dir='ltr'>fg.</span> <span class='ocrx_word' id='word_1_56' title='bbox 1189 931 1324 1013; x_wconf 70' lang='grc'><strong>511132,</strong></span> 
     </span>
     <span class='ocr_line' id='line_1_8' title="bbox 156 1036 1326 1121; baseline 0 -22"><span class='ocrx_word' id='word_1_57' title='bbox 156 1045 191 1100; x_wconf 89' lang='lat' dir='ltr'>et</span> <span class='ocrx_word' id='word_1_58' title='bbox 222 1036 338 1100; x_wconf 86' lang='lat' dir='ltr'>eadem</span> <span class='ocrx_word' id='word_1_59' title='bbox 369 1036 525 1100; x_wconf 76' lang='lat' dir='ltr'><strong>induitur</strong></span> <span class='ocrx_word' id='word_1_60' title='bbox 559 1037 688 1121; x_wconf 89' lang='lat' dir='ltr'>species</span> <span class='ocrx_word' id='word_1_61' title='bbox 720 1037 876 1101; x_wconf 90' lang='lat' dir='ltr'>humana.</span> <span class='ocrx_word' id='word_1_62' title='bbox 933 1037 1052 1120; x_wconf 88' lang='lat' dir='ltr'>Neque</span> <span class='ocrx_word' id='word_1_63' title='bbox 1085 1036 1326 1101; x_wconf 76' lang='lat' dir='ltr'>allocutionem</span> 
     </span>
     <span class='ocr_line' id='line_1_9' title="bbox 157 1140 1326 1232; baseline 0 -26"><span class='ocrx_word' id='word_1_64' title='bbox 157 1143 322 1226; x_wconf 88' lang='lat' dir='ltr'>quandam</span> <span class='ocrx_word' id='word_1_65' title='bbox 349 1143 515 1207; x_wconf 77' lang='lat' dir='ltr'>contineri</span> <span class='ocrx_word' id='word_1_66' title='bbox 546 1145 621 1229; x_wconf 73' lang='grc' dir='ltr'><em>ιμ’ρε</em></span> <span class='ocrx_word' id='word_1_67' title='bbox 644 1140 684 1232; x_wconf 67' lang='lat' dir='ltr'>a}</span> <span class='ocrx_word' id='word_1_68' title='bbox 709 1144 774 1207; x_wconf 91' lang='lat' dir='ltr'>hoc</span> <span class='ocrx_word' id='word_1_69' title='bbox 797 1143 1059 1228; x_wconf 79' lang='lat' dir='ltr'>neglegendum⁷</span> <span class='ocrx_word' id='word_1_70' title='bbox 1092 1143 1217 1229; x_wconf 89' lang='lat' dir='ltr'>quippe</span> <span class='ocrx_word' id='word_1_71' title='bbox 1241 1165 1326 1226; x_wconf 91' lang='lat' dir='ltr'>quae</span> 
     </span>
     <span class='ocr_line' id='line_1_10' title="bbox 157 1241 877 1336; baseline 0 -23"><span class='ocrx_word' id='word_1_72' title='bbox 157 1262 320 1333; x_wconf 76' lang='lat' dir='ltr'>congruat</span> <span class='ocrx_word' id='word_1_73' title='bbox 344 1249 473 1333; x_wconf 91' lang='lat' dir='ltr'>optime</span> <span class='ocrx_word' id='word_1_74' title='bbox 497 1272 572 1313; x_wconf 90' lang='lat' dir='ltr'>cum</span> <span class='ocrx_word' id='word_1_75' title='bbox 597 1241 623 1315; x_wconf 80' lang='grc'>01</span> <span class='ocrx_word' id='word_1_76' title='bbox 646 1245 785 1336; x_wconf 82' lang='grc' dir='ltr'><em>μακάριε</em></span> <span class='ocrx_word' id='word_1_77' title='bbox 808 1251 877 1314; x_wconf 97' lang='grc'><strong>1110.</strong></span> 
     </span>
    </p>
   </div>
   <div class='ocr_carea' id='block_1_3' title="bbox 152 1373 1327 3397">
    <p class='ocr_par' dir='ltr' id='par_1_3' title="bbox 155 1373 1327 1778">
     <span class='ocr_line' id='line_1_11' title="bbox 244 1373 1326 1459; baseline 0 -23"><span class='ocrx_word' id='word_1_78' title='bbox 244 1373 345 1437; x_wconf 90' lang='lat' dir='ltr'>Diem</span> <span class='ocrx_word' id='word_1_79' title='bbox 373 1384 487 1439; x_wconf 89' lang='lat' dir='ltr'>autem</span> <span class='ocrx_word' id='word_1_80' title='bbox 519 1376 574 1440; x_wconf 92' lang='lat' dir='ltr'>vel</span> <span class='ocrx_word' id='word_1_81' title='bbox 606 1384 752 1458; x_wconf 77' lang='lat' dir='ltr'>noctem,</span> <span class='ocrx_word' id='word_1_82' title='bbox 787 1397 851 1459; x_wconf 90' lang='lat' dir='ltr'>qua</span> <span class='ocrx_word' id='word_1_83' title='bbox 883 1375 1080 1458; x_wconf 83' lang='lat' dir='ltr'>nuptiarum</span> <span class='ocrx_word' id='word_1_84' title='bbox 1113 1374 1326 1456; x_wconf 77' lang='lat' dir='ltr'>feminaeque</span> 
     </span>
     <span class='ocr_line' id='line_1_12' title="bbox 156 1480 1327 1564; baseline -0.001 -20"><span class='ocrx_word' id='word_1_85' title='bbox 156 1480 279 1564; x_wconf 91' lang='lat' dir='ltr'>cupido</span> <span class='ocrx_word' id='word_1_86' title='bbox 303 1481 414 1564; x_wconf 89' lang='lat' dir='ltr'>prima</span> <span class='ocrx_word' id='word_1_87' title='bbox 437 1488 509 1545; x_wconf 91' lang='lat' dir='ltr'>orta</span> <span class='ocrx_word' id='word_1_88' title='bbox 537 1482 590 1563; x_wconf 87' lang='lat' dir='ltr'>sit,</span> <span class='ocrx_word' id='word_1_89' title='bbox 623 1504 732 1546; x_wconf 88' lang='lat' dir='ltr'>novae</span> <span class='ocrx_word' id='word_1_90' title='bbox 763 1481 955 1563; x_wconf 55' lang='lat' dir='ltr'>fortunaeb,</span> <span class='ocrx_word' id='word_1_91' title='bbox 986 1503 1094 1545; x_wconf 89' lang='lat' dir='ltr'>novae</span> <span class='ocrx_word' id='word_1_92' title='bbox 1125 1480 1327 1545; x_wconf 82' lang='lat' dir='ltr'>calamitatis</span> 
     </span>
     <span class='ocr_line' id='line_1_13' title="bbox 155 1585 1326 1672; baseline 0 -22"><span class='ocrx_word' id='word_1_93' title='bbox 155 1588 290 1651; x_wconf 91' lang='lat' dir='ltr'>initium</span> <span class='ocrx_word' id='word_1_94' title='bbox 315 1585 451 1669; x_wconf 79' lang='lat' dir='ltr'>facere³)</span> <span class='ocrx_word' id='word_1_95' title='bbox 476 1588 559 1653; x_wconf 90' lang='lat' dir='ltr'>dicit</span> <span class='ocrx_word' id='word_1_96' title='bbox 582 1597 705 1653; x_wconf 83' lang='lat' dir='ltr'>auctor.</span> <span class='ocrx_word' id='word_1_97' title='bbox 761 1587 1000 1652; x_wconf 82' lang='lat' dir='ltr'>Affirmaverat</span> <span class='ocrx_word' id='word_1_98' title='bbox 1022 1587 1129 1672; x_wconf 84' lang='lat' dir='ltr'>igitur</span> <span class='ocrx_word' id='word_1_99' title='bbox 1156 1589 1223 1651; x_wconf 85' lang='lat' dir='ltr'>iam</span> <span class='ocrx_word' id='word_1_100' title='bbox 1248 1595 1326 1651; x_wconf 86' lang='lat' dir='ltr'>ante</span> 
     </span>
     <span class='ocr_line' id='line_1_14' title="bbox 156 1693 891 1778; baseline 0.003 -22"><span class='ocrx_word' id='word_1_101' title='bbox 156 1693 291 1778; x_wconf 87' lang='lat' dir='ltr'>nuptias</span> <span class='ocrx_word' id='word_1_102' title='bbox 315 1693 563 1758; x_wconf 87' lang='lat' dir='ltr'>calamitatibus</span> <span class='ocrx_word' id='word_1_103' title='bbox 587 1695 684 1759; x_wconf 90' lang='lat' dir='ltr'>obrui</span> <span class='ocrx_word' id='word_1_104' title='bbox 707 1695 891 1759; x_wconf 89' lang='lat' dir='ltr'>hominem.</span> 
     </span>
    </p>

    <p class='ocr_par' dir='ltr' id='par_1_4' title="bbox 152 1818 1327 3397">
     <span class='ocr_line' id='line_1_15' title="bbox 243 1818 1327 1903; baseline 0.001 -23"><span class='ocrx_word' id='word_1_105' title='bbox 243 1818 295 1882; x_wconf 89' lang='lat' dir='ltr'>Ac</span> <span class='ocrx_word' id='word_1_106' title='bbox 318 1818 441 1902; x_wconf 83' lang='lat' dir='ltr'>probat</span> <span class='ocrx_word' id='word_1_107' title='bbox 470 1819 673 1883; x_wconf 85' lang='lat' dir='ltr'>sententiam</span> <span class='ocrx_word' id='word_1_108' title='bbox 698 1841 787 1883; x_wconf 86' lang='lat' dir='ltr'>nova</span> <span class='ocrx_word' id='word_1_109' title='bbox 819 1819 877 1882; x_wconf 89' lang='lat' dir='ltr'>illa</span> <span class='ocrx_word' id='word_1_110' title='bbox 908 1823 1007 1902; x_wconf 83' lang='grc' dir='ltr'><em>μέγας</em></span> <span class='ocrx_word' id='word_1_111' title='bbox 1031 1821 1090 1903; x_wconf 80' lang='grc' dir='ltr'>γὰρ</span> <span class='ocrx_word' id='word_1_112' title='bbox 1114 1821 1202 1902; x_wconf 82' lang='grc' dir='ltr'>ἀγὼν</span> <span class='ocrx_word' id='word_1_113' title='bbox 1226 1821 1327 1901; x_wconf 83' lang='grc' dir='ltr'><em>γάμος</em></span> 
     </span>
     <span class='ocr_line' id='line_1_16' title="bbox 156 1923 1327 2010; baseline 0.002 -25"><span class='ocrx_word' id='word_1_114' title='bbox 156 1928 342 2007; x_wconf 73' lang='grc' dir='ltr'>ἀνθρώπῳε</span> <span class='ocrx_word' id='word_1_115' title='bbox 383 1925 404 1988; x_wconf 88' lang='grc'>1.</span> <span class='ocrx_word' id='word_1_116' title='bbox 428 1948 454 1989; x_wconf 90' lang='lat' dir='ltr'>e.</span> <span class='ocrx_word' id='word_1_117' title='bbox 478 1947 622 2010; x_wconf 84' lang='lat' dir='ltr'>magnus</span> <span class='ocrx_word' id='word_1_118' title='bbox 655 1927 750 1990; x_wconf 90' lang='lat' dir='ltr'>labor</span> <span class='ocrx_word' id='word_1_119' title='bbox 780 1926 912 1989; x_wconf 91' lang='lat' dir='ltr'>homini</span> <span class='ocrx_word' id='word_1_120' title='bbox 936 1926 1202 1990; x_wconf 89' lang='lat' dir='ltr'>matrimonium.</span> <span class='ocrx_word' id='word_1_121' title='bbox 1250 1923 1327 1988; x_wconf 84' lang='lat' dir='ltr'>Sin-</span> 
     </span>
     <span class='ocr_line' id='line_1_17' title="bbox 156 2029 1326 2118; baseline 0 -24"><span class='ocrx_word' id='word_1_122' title='bbox 156 2029 283 2115; x_wconf 75' lang='lat' dir='ltr'>gula&#39;ris</span> <span class='ocrx_word' id='word_1_123' title='bbox 307 2038 358 2095; x_wconf 88' lang='lat' dir='ltr'>est</span> <span class='ocrx_word' id='word_1_124' title='bbox 380 2032 474 2096; x_wconf 78' lang='lat' dir='ltr'>vocis</span> <span class='ocrx_word' id='word_1_125' title='bbox 498 2036 586 2115; x_wconf 81' lang='grc' dir='ltr'>ἀγών</span> <span class='ocrx_word' id='word_1_126' title='bbox 608 2032 665 2096; x_wconf 90' lang='lat' dir='ltr'>hic</span> <span class='ocrx_word' id='word_1_127' title='bbox 687 2055 768 2097; x_wconf 91' lang='lat' dir='ltr'>usus</span> <span class='ocrx_word' id='word_1_128' title='bbox 797 2055 908 2118; x_wconf 91' lang='lat' dir='ltr'>neque</span> <span class='ocrx_word' id='word_1_129' title='bbox 938 2032 1029 2096; x_wconf 91' lang='lat' dir='ltr'>aliud</span> <span class='ocrx_word' id='word_1_130' title='bbox 1058 2033 1250 2116; x_wconf 83' lang='lat' dir='ltr'>exemplum</span> <span class='ocrx_word' id='word_1_131' title='bbox 1275 2032 1326 2094; x_wconf 89' lang='lat' dir='ltr'>in-</span> 
     </span>
     <span class='ocr_line' id='line_1_18' title="bbox 156 2137 1326 2224; baseline 0 -22"><span class='ocrx_word' id='word_1_132' title='bbox 156 2137 289 2202; x_wconf 88' lang='lat' dir='ltr'>venisse</span> <span class='ocrx_word' id='word_1_133' title='bbox 313 2161 367 2201; x_wconf 94' lang='lat' dir='ltr'>me</span> <span class='ocrx_word' id='word_1_134' title='bbox 384 2139 555 2203; x_wconf 80' lang='lat' dir='ltr'>confiteor.</span> <span class='ocrx_word' id='word_1_135' title='bbox 591 2138 659 2202; x_wconf 84' lang='lat' dir='ltr'>Sed</span> <span class='ocrx_word' id='word_1_136' title='bbox 673 2140 801 2224; x_wconf 91' lang='lat' dir='ltr'>optime</span> <span class='ocrx_word' id='word_1_137' title='bbox 818 2139 1039 2224; x_wconf 83' lang='lat' dir='ltr'>explicandus</span> <span class='ocrx_word' id='word_1_138' title='bbox 1054 2138 1326 2222; x_wconf 88' lang='lat' dir='ltr'>breviloquentia</span> 
     </span>
     <span class='ocr_line' id='line_1_19' title="bbox 157 2244 1326 2329; baseline 0 -21"><span class='ocrx_word' id='word_1_139' title='bbox 157 2244 307 2328; x_wconf 84' lang='lat' dir='ltr'>quadam,</span> <span class='ocrx_word' id='word_1_140' title='bbox 342 2267 406 2329; x_wconf 88' lang='lat' dir='ltr'>qua</span> <span class='ocrx_word' id='word_1_141' title='bbox 438 2268 500 2329; x_wconf 90' lang='lat' dir='ltr'>pro</span> <span class='ocrx_word' id='word_1_142' title='bbox 532 2250 631 2329; x_wconf 82' lang='grc' dir='ltr'><em>μέγας</em></span> <span class='ocrx_word' id='word_1_143' title='bbox 662 2249 760 2318; x_wconf 78' lang='grc' dir='ltr'><em>πόνος</em></span> <span class='ocrx_word' id='word_1_144' title='bbox 792 2250 899 2328; x_wconf 83' lang='grc' dir='ltr'><em>ὥσπερ</em></span> <span class='ocrx_word' id='word_1_145' title='bbox 933 2250 1021 2329; x_wconf 83' lang='grc' dir='ltr'>ἀγών</span> <span class='ocrx_word' id='word_1_146' title='bbox 1060 2246 1326 2310; x_wconf 84' lang='lat' dir='ltr'>substituebatur</span> 
     </span>
     <span class='ocr_line' id='line_1_20' title="bbox 154 2352 1325 2436; baseline -0.001 -21"><span class='ocrx_word' id='word_1_147' title='bbox 154 2355 252 2433; x_wconf 81' lang='grc' dir='ltr'><em>μέγας</em></span> <span class='ocrx_word' id='word_1_148' title='bbox 286 2352 413 2434; x_wconf 69' lang='grc' dir='ltr'>ἀγών;*)</span> <span class='ocrx_word' id='word_1_149' title='bbox 448 2374 513 2436; x_wconf 93' lang='lat' dir='ltr'>quo</span> <span class='ocrx_word' id='word_1_150' title='bbox 549 2352 651 2416; x_wconf 92' lang='lat' dir='ltr'>simul</span> <span class='ocrx_word' id='word_1_151' title='bbox 685 2356 805 2436; x_wconf 82' lang='grc' dir='ltr'><em>ἀγῶνες</em></span> <span class='ocrx_word' id='word_1_152' title='bbox 843 2353 972 2418; x_wconf 88' lang='lat' dir='ltr'>auctori</span> <span class='ocrx_word' id='word_1_153' title='bbox 1015 2354 1140 2416; x_wconf 89' lang='lat' dir='ltr'>malum</span> <span class='ocrx_word' id='word_1_154' title='bbox 1176 2353 1325 2417; x_wconf 90' lang='lat' dir='ltr'>laborem</span> 
     </span>
     <span class='ocr_line' id='line_1_21' title="bbox 152 2455 1325 2544; baseline 0 -24"><span class='ocrx_word' id='word_1_155' title='bbox 152 2455 285 2539; x_wconf 82' lang='lat' dir='ltr'>luisse⁵)</span> <span class='ocrx_word' id='word_1_156' title='bbox 320 2457 579 2527; x_wconf 88' lang='lat' dir='ltr'>demonstratur.</span> <span class='ocrx_word' id='word_1_157' title='bbox 645 2460 693 2524; x_wconf 89' lang='lat' dir='ltr'>At</span> <span class='ocrx_word' id='word_1_158' title='bbox 727 2482 829 2524; x_wconf 88' lang='lat' dir='ltr'>suane</span> <span class='ocrx_word' id='word_1_159' title='bbox 864 2459 993 2544; x_wconf 81' lang='lat' dir='ltr'>profert·</span> <span class='ocrx_word' id='word_1_160' title='bbox 1027 2460 1179 2544; x_wconf 77' lang='lat' dir='ltr'>scriptor,</span> <span class='ocrx_word' id='word_1_161' title='bbox 1216 2480 1325 2541; x_wconf 88' lang='lat' dir='ltr'>neque</span> 
     </span>
     <span class='ocr_line' id='line_1_22' title="bbox 153 2563 1324 2651; baseline 0 -24"><span class='ocrx_word' id='word_1_162' title='bbox 153 2563 256 2627; x_wconf 90' lang='lat' dir='ltr'>alium</span> <span class='ocrx_word' id='word_1_163' title='bbox 291 2564 410 2629; x_wconf 88' lang='lat' dir='ltr'>laudat</span> <span class='ocrx_word' id='word_1_164' title='bbox 452 2566 648 2630; x_wconf 79' lang='lat' dir='ltr'>auctorem?</span> <span class='ocrx_word' id='word_1_165' title='bbox 713 2566 993 2651; x_wconf 80' lang='lat' dir='ltr'>Quandoquidem</span> <span class='ocrx_word' id='word_1_166' title='bbox 1029 2589 1145 2632; x_wconf 89' lang='lat' dir='ltr'>versus</span> <span class='ocrx_word' id='word_1_167' title='bbox 1188 2564 1324 2650; x_wconf 89' lang='lat' dir='ltr'>quidem</span> 
     </span>
     <span class='ocr_line' id='line_1_23' title="bbox 153 2671 1326 2756; baseline 0.002 -22"><span class='ocrx_word' id='word_1_168' title='bbox 153 2671 384 2755; x_wconf 86' lang='lat' dir='ltr'>anapaesticos</span> <span class='ocrx_word' id='word_1_169' title='bbox 425 2682 642 2756; x_wconf 85' lang='lat' dir='ltr'>agnoverunt</span> <span class='ocrx_word' id='word_1_170' title='bbox 680 2671 894 2738; x_wconf 85' lang='lat' dir='ltr'>Gaisfordius</span> <span class='ocrx_word' id='word_1_171' title='bbox 932 2674 980 2756; x_wconf 82' lang='lat' dir='ltr'>(in</span> <span class='ocrx_word' id='word_1_172' title='bbox 1013 2673 1063 2737; x_wconf 90' lang='lat' dir='ltr'>ed.</span> <span class='ocrx_word' id='word_1_173' title='bbox 1103 2671 1251 2752; x_wconf 78' lang='lat' dir='ltr'>Stobaeil</span> <span class='ocrx_word' id='word_1_174' title='bbox 1292 2680 1326 2736; x_wconf 92' lang='lat' dir='ltr'>et</span> 
     </span>
     <span class='ocr_line' id='line_1_24' title="bbox 154 2776 1325 2864; baseline 0 -23"><span class='ocrx_word' id='word_1_175' title='bbox 154 2776 324 2842; x_wconf 81' lang='lat' dir='ltr'>Nauckius</span> <span class='ocrx_word' id='word_1_176' title='bbox 348 2777 459 2861; x_wconf 50' lang='lat' dir='ltr'>(Tau</span> <span class='ocrx_word' id='word_1_177' title='bbox 484 2779 598 2864; x_wconf 90' lang='lat' dir='ltr'>adesp.</span> <span class='ocrx_word' id='word_1_178' title='bbox 622 2780 722 2860; x_wconf 69' lang='lat' dir='ltr'>4obl⁶l</span> <span class='ocrx_word' id='word_1_179' title='bbox 747 2802 767 2843; x_wconf 89' lang='lat' dir='ltr'>a</span> <span class='ocrx_word' id='word_1_180' title='bbox 788 2781 1135 2845; x_wconf 71' lang='lat' dir='ltr'>narvotcontinuatos</span> <span class='ocrx_word' id='word_1_181' title='bbox 1157 2778 1325 2862; x_wconf 87' lang='lat' dir='ltr'>usquead</span> 
     </span>
     <span class='ocr_line' id='line_1_25' title="bbox 153 2884 1325 2972; baseline 0.001 -25"><span class='ocrx_word' id='word_1_182' title='bbox 153 2887 283 2968; x_wconf 80' lang='grc' dir='ltr'><em>πότμον,</em></span> <span class='ocrx_word' id='word_1_183' title='bbox 318 2884 530 2969; x_wconf 89' lang='lat' dir='ltr'>eundemque</span> <span class='ocrx_word' id='word_1_184' title='bbox 562 2908 742 2950; x_wconf 88' lang='lat' dir='ltr'>numerum</span> <span class='ocrx_word' id='word_1_185' title='bbox 775 2887 938 2972; x_wconf 88' lang='lat' dir='ltr'>praebent</span> <span class='ocrx_word' id='word_1_186' title='bbox 961 2895 980 2952; x_wconf 88' lang='grc' dir='ltr'><strong>ὅ</strong></span> <span class='ocrx_word' id='word_1_187' title='bbox 1001 2892 1100 2971; x_wconf 84' lang='grc' dir='ltr'><em>μέγας</em></span> <span class='ocrx_word' id='word_1_188' title='bbox 1129 2889 1188 2970; x_wconf 84' lang='grc' dir='ltr'>γὰρ</span> <span class='ocrx_word' id='word_1_189' title='bbox 1217 2906 1325 2969; x_wconf 91' lang='lat' dir='ltr'>usque</span> 
     </span>
     <span class='ocr_line' id='line_1_26' title="bbox 153 2991 1326 3080; baseline 0 -26"><span class='ocrx_word' id='word_1_190' title='bbox 153 2991 195 3054; x_wconf 91' lang='lat' dir='ltr'>ad</span> <span class='ocrx_word' id='word_1_191' title='bbox 223 2995 398 3075; x_wconf 78' lang='grc' dir='ltr'>ἀνθρώπῳ.</span> <span class='ocrx_word' id='word_1_192' title='bbox 449 2992 649 3056; x_wconf 85' lang='lat' dir='ltr'>Accuratius</span> <span class='ocrx_word' id='word_1_193' title='bbox 673 2992 832 3057; x_wconf 89' lang='lat' dir='ltr'>dehisce</span> <span class='ocrx_word' id='word_1_194' title='bbox 856 2994 1096 3080; x_wconf 87' lang='lat' dir='ltr'>rebuspostea</span> <span class='ocrx_word' id='word_1_195' title='bbox 1125 2992 1224 3058; x_wconf 91' lang='lat' dir='ltr'>nobis</span> <span class='ocrx_word' id='word_1_196' title='bbox 1261 2991 1326 3055; x_wconf 91' lang='lat' dir='ltr'>erit</span> 
     </span>
     <span class='ocr_line' id='line_1_27' title="bbox 153 3098 1325 3185; baseline -0.001 -24"><span class='ocrx_word' id='word_1_197' title='bbox 153 3098 335 3182; x_wconf 88' lang='lat' dir='ltr'>agendum;</span> <span class='ocrx_word' id='word_1_198' title='bbox 359 3098 489 3164; x_wconf 91' lang='lat' dir='ltr'>interea</span> <span class='ocrx_word' id='word_1_199' title='bbox 513 3099 594 3163; x_wconf 89' lang='lat' dir='ltr'>satis</span> <span class='ocrx_word' id='word_1_200' title='bbox 617 3098 725 3163; x_wconf 89' lang='lat' dir='ltr'>habeo</span> <span class='ocrx_word' id='word_1_201' title='bbox 750 3101 917 3184; x_wconf 85' lang='lat' dir='ltr'>relegasse</span> <span class='ocrx_word' id='word_1_202' title='bbox 948 3100 990 3164; x_wconf 90' lang='lat' dir='ltr'>ad</span> <span class='ocrx_word' id='word_1_203' title='bbox 1013 3123 1052 3164; x_wconf 91' lang='lat' dir='ltr'>ea</span> <span class='ocrx_word' id='word_1_204' title='bbox 1082 3122 1167 3185; x_wconf 91' lang='lat' dir='ltr'>quae</span> <span class='ocrx_word' id='word_1_205' title='bbox 1195 3098 1325 3183; x_wconf 88' lang='lat' dir='ltr'>optime</span> 
     </span>
     <span class='ocr_line' id='line_1_28' title="bbox 154 3205 1322 3291; baseline 0.001 -22"><span class='ocrx_word' id='word_1_206' title='bbox 154 3206 309 3289; x_wconf 83' lang='lat' dir='ltr'>exposuit</span> <span class='ocrx_word' id='word_1_207' title='bbox 333 3205 374 3269; x_wconf 89' lang='lat' dir='ltr'>de</span> <span class='ocrx_word' id='word_1_208' title='bbox 398 3205 628 3270; x_wconf 83' lang='lat' dir='ltr'>Wilamowita</span> <span class='ocrx_word' id='word_1_209' title='bbox 653 3207 688 3268; x_wconf 92' lang='lat' dir='ltr'>in</span> <span class='ocrx_word' id='word_1_210' title='bbox 712 3206 785 3269; x_wconf 88' lang='lat' dir='ltr'>Iud.</span> <span class='ocrx_word' id='word_1_211' title='bbox 810 3207 912 3271; x_wconf 88' lang='lat' dir='ltr'>schol.</span> <span class='ocrx_word' id='word_1_212' title='bbox 937 3207 1092 3291; x_wconf 82' lang='lat' dir='ltr'>Gotting.</span> <span class='ocrx_word' id='word_1_213' title='bbox 1117 3229 1141 3273; x_wconf 86' lang='lat' dir='ltr'>s.</span> <span class='ocrx_word' id='word_1_214' title='bbox 1159 3229 1205 3270; x_wconf 90' lang='lat' dir='ltr'>ae.</span> <span class='ocrx_word' id='word_1_215' title='bbox 1227 3207 1322 3285; x_wconf 81' lang='lat'>1893,</span> 
     </span>
     <span class='ocr_line' id='line_1_29' title="bbox 153 3311 1325 3397; baseline 0 -22"><span class='ocrx_word' id='word_1_216' title='bbox 153 3333 208 3396; x_wconf 85' lang='lat' dir='ltr'>pg.</span> <span class='ocrx_word' id='word_1_217' title='bbox 235 3314 283 3377; x_wconf 84' lang='lat'>19.</span> <span class='ocrx_word' id='word_1_218' title='bbox 327 3311 394 3376; x_wconf 83' lang='lat' dir='ltr'>Sed</span> <span class='ocrx_word' id='word_1_219' title='bbox 418 3314 525 3377; x_wconf 89' lang='lat' dir='ltr'>altera</span> <span class='ocrx_word' id='word_1_220' title='bbox 549 3313 720 3377; x_wconf 88' lang='lat' dir='ltr'>sententia</span> <span class='ocrx_word' id='word_1_221' title='bbox 744 3312 786 3376; x_wconf 89' lang='lat' dir='ltr'>ad</span> <span class='ocrx_word' id='word_1_222' title='bbox 816 3314 964 3397; x_wconf 89' lang='lat' dir='ltr'>priorem</span> <span class='ocrx_word' id='word_1_223' title='bbox 994 3313 1193 3376; x_wconf 85' lang='lat' dir='ltr'>firmandam</span> <span class='ocrx_word' id='word_1_224' title='bbox 1223 3313 1325 3375; x_wconf 88' lang='lat' dir='ltr'>allata</span> 
     </span>
    </p>
   </div>
   <div class='ocr_carea' id='block_1_4' title="bbox 154 3431 365 3440">
    <p class='ocr_par' dir='ltr' id='par_1_5' title="bbox 154 3431 365 3440">
     <span class='ocr_line' id='line_1_30' title="bbox 154 3431 365 3440; baseline 0.009 -2"><span class='ocrx_word' id='word_1_225' title='bbox 154 3431 365 3440; x_wconf 77' lang='lat'><strong>——-—</strong></span> 
     </span>
    </p>
   </div>
   <div class='ocr_carea' id='block_1_5' title="bbox 150 3472 1324 4253">
    <p class='ocr_par' dir='ltr' id='par_1_6' title="bbox 152 3472 1324 3626">
     <span class='ocr_line' id='line_1_31' title="bbox 243 3472 1324 3543; baseline -0.002 -17"><span class='ocrx_word' id='word_1_226' title='bbox 243 3478 259 3536; x_wconf 64' lang='grc'>11</span> <span class='ocrx_word' id='word_1_227' title='bbox 279 3473 322 3526; x_wconf 82' lang='grc'>111</span> <span class='ocrx_word' id='word_1_228' title='bbox 336 3473 487 3543; x_wconf 84' lang='lat' dir='ltr'>legendum</span> <span class='ocrx_word' id='word_1_229' title='bbox 501 3489 565 3526; x_wconf 88' lang='lat' dir='ltr'>cnm</span> <span class='ocrx_word' id='word_1_230' title='bbox 581 3473 706 3543; x_wconf 86' lang='lat' dir='ltr'>Sanppio</span> <span class='ocrx_word' id='word_1_231' title='bbox 719 3489 771 3542; x_wconf 87' lang='lat' dir='ltr'>pro</span> <span class='ocrx_word' id='word_1_232' title='bbox 784 3473 950 3540; x_wconf 69' lang='grc' dir='ltr'><em>προσελθέτω</em></span> <span class='ocrx_word' id='word_1_233' title='bbox 967 3472 1324 3541; x_wconf 83' lang='lat' dir='ltr'>(contraWilamowitzius</span> 
     </span>
     <span class='ocr_line' id='line_1_32' title="bbox 152 3561 330 3626; baseline 0.011 -14"><span class='ocrx_word' id='word_1_234' title='bbox 152 3561 244 3614; x_wconf 87' lang='lat' dir='ltr'>Herm.</span> <span class='ocrx_word' id='word_1_235' title='bbox 265 3561 282 3614; x_wconf 91' lang='lat' dir='ltr'>l.</span> <span class='ocrx_word' id='word_1_236' title='bbox 302 3562 330 3626; x_wconf 88' lang='lat' dir='ltr'>l.)</span> 
     </span>
    </p>

    <p class='ocr_par' dir='ltr' id='par_1_7' title="bbox 150 3648 1324 3810">
     <span class='ocr_line' id='line_1_33' title="bbox 241 3648 1324 3720; baseline 0 -16"><span class='ocrx_word' id='word_1_237' title='bbox 241 3648 321 3714; x_wconf 75' lang='grc'><strong>’1110</strong></span> <span class='ocrx_word' id='word_1_238' title='bbox 341 3650 418 3705; x_wconf 86' lang='lat' dir='ltr'>vocis</span> <span class='ocrx_word' id='word_1_239' title='bbox 438 3651 492 3704; x_wconf 82' lang='lat' dir='ltr'>lrao</span> <span class='ocrx_word' id='word_1_240' title='bbox 511 3651 537 3703; x_wconf 90' lang='lat' dir='ltr'>vi</span> <span class='ocrx_word' id='word_1_241' title='bbox 558 3651 603 3705; x_wconf 89' lang='lat' dir='ltr'>vd.</span> <span class='ocrx_word' id='word_1_242' title='bbox 624 3668 698 3719; x_wconf 87' lang='lat' dir='ltr'>quae</span> <span class='ocrx_word' id='word_1_243' title='bbox 718 3651 849 3720; x_wconf 82' lang='lat' dir='ltr'>exposuit</span> <span class='ocrx_word' id='word_1_244' title='bbox 868 3652 902 3704; x_wconf 82' lang='grc'>11.</span> <span class='ocrx_word' id='word_1_245' title='bbox 922 3651 1034 3704; x_wconf 89' lang='lat' dir='ltr'>Heinze</span> <span class='ocrx_word' id='word_1_246' title='bbox 1058 3652 1113 3704; x_wconf 86' lang='lat' dir='ltr'>Dor</span> <span class='ocrx_word' id='word_1_247' title='bbox 1131 3649 1324 3704; x_wconf 86' lang='lat' dir='ltr'>Eudaimonis·</span> 
     </span>
     <span class='ocr_line' id='line_1_34' title="bbox 150 3738 1272 3810; baseline 0 -18"><span class='ocrx_word' id='word_1_248' title='bbox 150 3754 215 3792; x_wconf 88' lang='lat' dir='ltr'>mus</span> <span class='ocrx_word' id='word_1_249' title='bbox 233 3739 261 3791; x_wconf 92' lang='lat' dir='ltr'>in</span> <span class='ocrx_word' id='word_1_250' title='bbox 282 3740 330 3793; x_wconf 86' lang='lat' dir='ltr'>der</span> <span class='ocrx_word' id='word_1_251' title='bbox 347 3740 452 3809; x_wconf 83' lang='lat' dir='ltr'>griech.</span> <span class='ocrx_word' id='word_1_252' title='bbox 471 3740 576 3793; x_wconf 89' lang='lat' dir='ltr'>Philos.</span> <span class='ocrx_word' id='word_1_253' title='bbox 596 3740 700 3809; x_wconf 86' lang='lat' dir='ltr'>(Leipz.</span> <span class='ocrx_word' id='word_1_254' title='bbox 712 3740 824 3795; x_wconf 77' lang='lat' dir='ltr'>Sita-B.</span> <span class='ocrx_word' id='word_1_255' title='bbox 841 3740 887 3810; x_wconf 89' lang='lat' dir='ltr'>ph.</span> <span class='ocrx_word' id='word_1_256' title='bbox 902 3740 944 3795; x_wconf 88' lang='lat' dir='ltr'>Kl.</span> <span class='ocrx_word' id='word_1_257' title='bbox 963 3740 1025 3792; x_wconf 92' lang='lat' dir='ltr'>Vlll</span> <span class='ocrx_word' id='word_1_258' title='bbox 1044 3740 1152 3808; x_wconf 72' lang='grc'><strong>[188311.</strong></span> <span class='ocrx_word' id='word_1_259' title='bbox 1172 3755 1233 3808; x_wconf 87' lang='lat' dir='ltr'>cap.</span> <span class='ocrx_word' id='word_1_260' title='bbox 1253 3738 1272 3792; x_wconf 95' lang='grc'>1.</span> 
     </span>
    </p>

    <p class='ocr_par' dir='ltr' id='par_1_8' title="bbox 152 3827 1324 3987">
     <span class='ocr_line' id='line_1_35' title="bbox 240 3827 1324 3900; baseline 0 -20"><span class='ocrx_word' id='word_1_261' title='bbox 240 3827 259 3889; x_wconf 80' lang='lat'>⁸)</span> <span class='ocrx_word' id='word_1_262' title='bbox 279 3828 352 3895; x_wconf 80' lang='grc' dir='ltr'><strong><em>ἄρχει</em></strong></span> <span class='ocrx_word' id='word_1_263' title='bbox 372 3829 477 3898; x_wconf 89' lang='lat' dir='ltr'>optime</span> <span class='ocrx_word' id='word_1_264' title='bbox 492 3832 658 3900; x_wconf 82' lang='lat' dir='ltr'>statuaque</span> <span class='ocrx_word' id='word_1_265' title='bbox 678 3829 844 3882; x_wconf 88' lang='lat' dir='ltr'>mutandum</span> <span class='ocrx_word' id='word_1_266' title='bbox 858 3846 920 3883; x_wconf 89' lang='lat' dir='ltr'>cum</span> <span class='ocrx_word' id='word_1_267' title='bbox 935 3829 1075 3883; x_wconf 87' lang='lat' dir='ltr'>Salmasio</span> <span class='ocrx_word' id='word_1_268' title='bbox 1095 3829 1121 3880; x_wconf 87' lang='lat' dir='ltr'>iu</span> <span class='ocrx_word' id='word_1_269' title='bbox 1135 3828 1212 3894; x_wconf 80' lang='grc' dir='ltr'><strong>ἀρχή.</strong></span> <span class='ocrx_word' id='word_1_270' title='bbox 1232 3828 1324 3896; x_wconf 80' lang='lat' dir='ltr'>Quod,</span> 
     </span>
     <span class='ocr_line' id='line_1_36' title="bbox 152 3917 1164 3987; baseline 0.002 -18"><span class='ocrx_word' id='word_1_271' title='bbox 152 3933 215 3969; x_wconf 91' lang='lat' dir='ltr'>cum</span> <span class='ocrx_word' id='word_1_272' title='bbox 235 3917 269 3970; x_wconf 86' lang='lat' dir='ltr'>de</span> <span class='ocrx_word' id='word_1_273' title='bbox 288 3933 416 3970; x_wconf 85' lang='lat' dir='ltr'>sermone</span> <span class='ocrx_word' id='word_1_274' title='bbox 431 3917 616 3987; x_wconf 82' lang='lat' dir='ltr'>Antiphontei</span> <span class='ocrx_word' id='word_1_275' title='bbox 636 3934 764 3986; x_wconf 63' lang='lat' dir='ltr'>agemus</span> <span class='ocrx_word' id='word_1_276' title='bbox 783 3919 957 3986; x_wconf 80' lang='lat' dir='ltr'>argumentis</span> <span class='ocrx_word' id='word_1_277' title='bbox 972 3917 1164 3987; x_wconf 78' lang='lat' dir='ltr'>probabimus</span> 
     </span>
    </p>

    <p class='ocr_par' dir='ltr' id='par_1_9' title="bbox 241 4004 1106 4076">
     <span class='ocr_line' id='line_1_37' title="bbox 241 4004 1106 4076; baseline 0.001 -18"><span class='ocrx_word' id='word_1_278' title='bbox 241 4007 260 4072; x_wconf 79' lang='lat'>⁴)</span> <span class='ocrx_word' id='word_1_279' title='bbox 280 4004 381 4058; x_wconf 86' lang='lat' dir='ltr'>Melius</span> <span class='ocrx_word' id='word_1_280' title='bbox 399 4006 441 4059; x_wconf 85' lang='lat' dir='ltr'>ita</span> <span class='ocrx_word' id='word_1_281' title='bbox 461 4007 559 4075; x_wconf 87' lang='lat' dir='ltr'>opinor</span> <span class='ocrx_word' id='word_1_282' title='bbox 578 4005 720 4076; x_wconf 81' lang='lat' dir='ltr'>explicari,</span> <span class='ocrx_word' id='word_1_283' title='bbox 740 4023 823 4075; x_wconf 89' lang='lat' dir='ltr'>quam</span> <span class='ocrx_word' id='word_1_284' title='bbox 842 4006 900 4073; x_wconf 78' lang='grc' dir='ltr'><em>περὶ</em></span> <span class='ocrx_word' id='word_1_285' title='bbox 919 4015 1007 4074; x_wconf 76' lang='grc' dir='ltr'><em>ψυχῆς</em></span> <span class='ocrx_word' id='word_1_286' title='bbox 1026 4007 1106 4074; x_wconf 86' lang='grc' dir='ltr'><em>ἀγών.</em></span> 
     </span>
    </p>

    <p class='ocr_par' dir='ltr' id='par_1_10' title="bbox 241 4094 1216 4165">
     <span class='ocr_line' id='line_1_38' title="bbox 241 4094 1216 4165; baseline 0.001 -18"><span class='ocrx_word' id='word_1_287' title='bbox 241 4094 322 4162; x_wconf 67' lang='grc' dir='ltr'>δ)01.</span> <span class='ocrx_word' id='word_1_288' title='bbox 341 4094 525 4165; x_wconf 87' lang='lat' dir='ltr'>Xenophanis</span> <span class='ocrx_word' id='word_1_289' title='bbox 544 4098 633 4150; x_wconf 87' lang='lat' dir='ltr'>verba</span> <span class='ocrx_word' id='word_1_290' title='bbox 651 4095 804 4149; x_wconf 85' lang='lat' dir='ltr'>notissima</span> <span class='ocrx_word' id='word_1_291' title='bbox 824 4094 925 4156; x_wconf 82' lang='lat' dir='ltr'>(Vors.²</span> <span class='ocrx_word' id='word_1_292' title='bbox 942 4119 977 4141; x_wconf 64' lang='grc' dir='ltr'>ε</span> <span class='ocrx_word' id='word_1_293' title='bbox 996 4095 1034 4165; x_wconf 83' lang='lat' dir='ltr'>fg.</span> <span class='ocrx_word' id='word_1_294' title='bbox 1055 4096 1070 4147; x_wconf 84' lang='lat'>2</span> <span class='ocrx_word' id='word_1_295' title='bbox 1090 4113 1134 4165; x_wconf 84' lang='lat' dir='ltr'>pg.</span> <span class='ocrx_word' id='word_1_296' title='bbox 1154 4095 1216 4165; x_wconf 71' lang='lat' dir='ltr'>lb).</span> 
     </span>
    </p>

    <p class='ocr_par' dir='ltr' id='par_1_11' title="bbox 241 4183 1089 4253">
     <span class='ocr_line' id='line_1_39' title="bbox 241 4183 1089 4253; baseline -0.001 -17"><span class='ocrx_word' id='word_1_297' title='bbox 241 4188 260 4247; x_wconf 75' lang='lat'>⁶&gt;</span> <span class='ocrx_word' id='word_1_298' title='bbox 279 4183 384 4236; x_wconf 81' lang='lat' dir='ltr'>Eadem</span> <span class='ocrx_word' id='word_1_299' title='bbox 404 4192 448 4237; x_wconf 85' lang='lat' dir='ltr'>est</span> <span class='ocrx_word' id='word_1_300' title='bbox 468 4185 561 4253; x_wconf 87' lang='lat' dir='ltr'>opinio</span> <span class='ocrx_word' id='word_1_301' title='bbox 581 4184 796 4252; x_wconf 81' lang='lat' dir='ltr'>Heerwerdeni3</span> <span class='ocrx_word' id='word_1_302' title='bbox 817 4184 852 4238; x_wconf 83' lang='grc'>01.</span> <span class='ocrx_word' id='word_1_303' title='bbox 872 4183 961 4237; x_wconf 67' lang='grc'>1111112</span> <span class='ocrx_word' id='word_1_304' title='bbox 980 4183 1018 4237; x_wconf 88' lang='lat' dir='ltr'>ad</span> <span class='ocrx_word' id='word_1_305' title='bbox 1036 4185 1089 4238; x_wconf 84' lang='lat' dir='ltr'>loc.</span> 
     </span>
    </p>
   </div>
   <div class='ocr_carea' id='block_1_6' title="bbox 0 0 1520 4672">
    <p class='ocr_par' dir='ltr' id='par_1_12' title="bbox 0 0 1520 4672">
     <span class='ocr_line' id='line_1_40' title="bbox 0 0 1520 4672; baseline 0 0"><span class='ocrx_word' id='word_1_306' title='bbox 0 0 1520 4672; x_wconf 95' lang='lat' dir='ltr'> </span> 
     </span>
    </p>
   </div>
  </div>
 </body>
</html>
